2384 3896
124 190 185 250 214
401 200 434 246 n.
451 198 481 248 c.
497 195 596 246 cnusr
610 197 818 247 mnrcrnsn·

125 356 269 419 nocuerit;
301 354 404 414 namsi
420 351 508 414 molle
525 352 663 432 estquod
680 352 779 415 altimo
791 351 918 432 specillo
933 352 1124 428 confingitur,

125 441 196 500 intra
220 451 335 498 carnem
355 437 447 498 adhuc
471 438 567 496 vitium
590 446 651 496 est:
674 439 698 496 si
715 437 807 513 magis
821 435 851 496 id
868 437 1016 510 renititur,
1035 434 1074 494 ad
1090 451 1124 495 os

124 531 239 582 ventum
254 531 308 582 est.
351 519 395 581 Ibi
410 520 514 580 deiude
530 523 555 580 si
573 519 677 580 labitur
694 520 860 598 specillum,
883 520 1009 588 nondum
1027 521 1125 578 caries

125 615 183 668 est:
203 607 227 664 si
242 622 300 666 non
314 603 435 681 labitur,
454 604 506 664 sed
521 604 635 682 aequali
651 605 791 680 inuititur,
811 605 907 664 caries
924 601 1060 682 quidem,
1075 620 1125 660 ve

123 707 186 750 rum
200 689 294 750 adbuc
309 689 383 748 levis
399 697 459 748 est:
475 689 500 747 si
514 687 668 767 inaequale
685 703 802 766 quoque
817 696 846 746 et
861 705 997 765 asperum
1010 683 1145 760 subest,e

124 774 323 834 vehementius
344 789 378 832 os
404 789 523 832 exesum
545 779 599 830 est.
637 771 676 830 At
692 771 834 848 cartilago
856 771 905 830 ubi
927 770 1040 844 subsit,
1061 770 1132 847 ipsa

125 859 212 918 sed'es
224 856 324 926 docet:
339 865 567 936 perventumque
579 873 646 915 esse
654 855 760 915 adeam
772 873 810 916 ex
821 855 918 914 renisu
926 862 1018 933 patet.
1037 851 1079 912 Et
1088 869 1125 910 ex

124 942 168 1002 his
186 941 300 1020 quidem
315 939 489 1016 colliguntur
503 939 659 1000 fistularum
672 938 772 1015 sedes,
789 939 897 1017 spatia,
912 951 1021 1009 nouae.
1051 937 1124 995 Sim·

126 1027 219 1104 plices
230 1041 301 1084 vero
314 1040 367 1082 eae
380 1024 447 1099 siut,
464 1041 499 1082 an
513 1024 541 1082 in
556 1023 655 1102 plures
674 1032 772 1100 partes
786 1022 963 1098 diducantur,
977 1021 1124 1096 cognosci

126 1117 223 1186 potest
237 1125 275 1167 ex
290 1107 377 1166 modo
390 1108 483 1185 puris;
504 1107 585 1181 cujus
603 1107 626 1166 si
644 1106 709 1184 plus
726 1107 834 1182 iertur,
856 1123 940 1184 qnam
959 1103 1042 1182 quod
1059 1109 1152 1162 sim-n

124 1191 194 1269 plici
223 1192 317 1268 spatio
345 1192 497 1264 conuenit,
525 1190 625 1268 plures
654 1191 826 1249 sinus·esse
857 1188 1041 1248 manifestum
1071 1197 1123 1246 est.

126 1277 276 1352 Quumque
292 1273 355 1332 iere
366 1274 450 1348 juxta
467 1275 523 1333 sint
538 1291 625 1349 caro,
641 1281 671 1332 et
685 1291 808 1349 nervus,
825 1283 854 1334 et
870 1272 965 1349 aliqua
982 1285 1124 1346 nervosa,

24 1373 37 1392 ·
126 1358 227 1437 quales
239 1357 302 1417 iere
314 1358 429 1416 tunicae
443 1357 685 1434 membranaeque
699 1365 778 1434 sunt,
795 1374 888 1432 genus
905 1371 1023 1432 quoque
1043 1355 1125 1434 puris

125 1440 258 1516 docebit,
272 1459 336 1501 uum
353 1440 452 1518 plures
469 1441 547 1499 siuns
558 1442 632 1499 intus
646 1439 760 1500 diversa
778 1440 910 1518 corporis
926 1455 1039 1515 genera
1055 1455 1123 1516 pcr-

126 1527 260 1586 raserint.
292 1524 438 1602 Siquidem
462 1541 500 1583 ex
523 1541 610 1583 carue
633 1541 687 1603 pus
709 1524 810 1599 laeve,
832 1523 944 1596 album,
968 1521 1122 1599 copiosius
1132 1543 1151 1582 a

125 1611 231 1670 lertnr:
256 1616 286 1668 at
305 1627 342 1668 ex
368 1623 495 1667 nervoso
516 1607 602 1683 loco,
624 1607 732 1668 coloris
756 1606 869 1685 quidem
890 1605 1042 1681 ejusdem,
1072 1603 1123 1663 sed

127 1695 254 1753 tenuius:
279 1711 316 1750 ex
340 1709 448 1766 nervo,
473 1691 580 1769 pingue
596 1700 625 1751 ct
644 1691 712 1751 oleo
727 1707 786 1750 non
803 1689 951 1749 dissimile.
983 1687 1122 1765 Denique

127 1778 211 1836 etiam
227 1775 360 1852 corporis
375 1775 523 1834 inclinatio
537 1775 642 1852 dccet,
657 1792 722 1833 num
739 1775 768 1832 in
781 1775 879 1852 plures
891 1781 990 1851 partes
1007 1771 1123 1830 fistulae

126 1860 315 1938 penetrarint;
335 1859 399 1936 quia
413 1876 519 1936 saepe,
538 1876 622 1936 quum
634 1860 698 1937 quis
713 1857 798 1917 aliter
809 1855 960 1932 decubuit,
975 1854 1122 1932 aliterque

126 1941 281 2002 membrum
304 1941 476 2017 collocavit,
498 1959 551 2020 pus
572 1943 661 2017 lerri,
684 1941 761 2019 quod
773 1941 833 2016 jam
851 1940 994 2015 desierat,
1017 1939 1172 1998 iterumn„

126 2026 240 2104 incipit;
259 2034 447 2103 testaturque,
462 2042 520 2084 non
533 2025 626 2085 solum
638 2025 722 2084 alium
735 2025 825 2084 sinum
842 2042 924 2100 esse,
942 2039 980 2081 ex
995 2037 1055 2099 quo
1073 2021 1120 2080 du·

126 2108 260 2187 scendet,
284 2109 336 2170 sed
358 2111 442 2169 etiarn
463 2109 491 2168 in
510 2108 593 2170 aliam
615 2109 748 2188 corporis
772 2117 883 2187 partem
903 2123 967 2166 eurn
986 2104 1120 2165 tendere.

127 2193 185 2254 Sed
202 2194 226 2253 si
241 2202 269 2253 et
285 2195 313 2252 in
330 2211 417 2252 carne
433 2201 462 2251 et
477 2210 583 2253 reeens
595 2201 624 2252 et
635 2192 760 2270 simplex
772 2202 831 2269 est,
848 2210 883 2251 ac
898 2207 994 2268 neque
1011 2205 1120 2266 rugosa

127 2295 222 2358 neque
249 2276 429 2352 cavasede,
452 2295 548 2355 neque
569 2277 598 2335 in
622 2274 762 2352 articulo,
788 2275 839 2336 sed
862 2277 889 2334 in
911 2290 946 2334 eo
970 2271 1119 2344 membro,

127 2362 203 2441 quod
219 2379 272 2440 per
293 2377 326 2420 se
349 2359 510 2435 immobile,
531 2360 655 2419 nonnisi
671 2377 733 2418 curn
749 2368 811 2419 toto
825 2374 951 2437 corpore
970 2365 1118 2422 moretum
1128 2375 1148 2414 n

127 2445 197 2505 satis
218 2445 352 2522 proficiet
373 2444 571 2522 emplastrum,
598 2443 675 2521 quod
696 2443 861 2502 recentibus
879 2439 1050 2501 vulneribus
1073 2442 1120 2498 im·

127 2529 258 2605 ponitur,
280 2527 345 2586 dunt
366 2527 472 2586 lrabeat
492 2528 540 2587 vel
562 2527 669 2601 salem,
690 2527 739 2586 vel
758 2527 887 2601 alumen,
905 2523 953 2584 vel
971 2540 1120 2602 squamam

127 2612 217 2685 aeris,
239 2610 287 2669 vel
308 2613 491 2688 aeruginem,
514 2610 562 2670 vel
585 2628 623 2671 cx
646 2609 798 2670 metallicis
820 2608 942 2688 aliquid:
967 2624 1065 2684 exque
1085 2621 1119 2664 ec

128 2693 278 2768 collyrium
297 2693 357 2751 lieri
380 2692 468 2753 debet
488 2694 580 2754 altera
596 2704 677 2774 parte
693 2696 821 2769 tenuius,
839 2694 930 2752 altera
952 2691 1042 2770 paulo
1058 2689 1119 2768 ple·

127 2778 206 2853 nius,
232 2776 319 2857 idque
341 2795 375 2836 ea
389 2785 486 2855 parte,
509 2796 565 2856 qua
583 2779 696 2838 tenuius
718 2787 779 2852 est,
796 2776 986 2836 antecedente
1009 2773 1148 2834 demittite

128 2870 245 2941 oportet
266 2863 293 2920 in
317 2860 455 2937 fistulam,
477 2861 570 2921 donec
585 2879 672 2939 purus
690 2862 807 2937 sanguis
824 2879 856 2920 se
872 2859 1020 2920 ostendat:
1047 2873 1120 2935 quae

127 2949 155 3005 in
178 2947 307 3006 omnibus
328 2946 484 3006 lisurlarum
508 2943 638 3020 collyriis
659 2953 799 3025 perpetua
816 2953 890 3004 sunt.
921 2941 1001 3002 Idem
1016 2938 1119 3000 deindc

129 3031 312 3108 emplastrum
328 3032 356 3089 in
371 3029 490 3090 linteolo
508 3028 814 3108 superimponendum,
828 3043 975 3107 supraque
990 3023 1119 3099 inj‘icicu-

129 3111 164 3170 da
180 3115 302 3190 spongia
326 3123 371 3174 est
391 3117 420 3172 in
435 3121 548 3174 acetum
564 3123 629 3172 ante
645 3111 786 3172 demissa:
808 3111 942 3187 solvique
958 3108 1058 3185 quinto
1074 3106 1119 3164 die

130 3197 198 3253 satis
215 3204 268 3254 est.
306 3196 459 3273 Genusque
481 3197 574 3256 victus
588 3194 777 3256 adhibendum
793 3203 852 3267 est,
873 3208 931 3272 quo
949 3207 1065 3250 caruem
1082 3187 1147 3248 atta

129 3277 225 3338 docui.
253 3278 298 3338 Ac
314 3281 336 3337 si
354 3278 469 3356 longius
490 3299 506 3339 a
523 3278 704 3358 praecordiis
720 3277 813 3358 listnla
828 3284 888 3352 est,
907 3295 944 3335 ex
963 3272 1117 3334 intervallo

125 3363 254 3438 jejunum
280 3360 423 3422 radiculas
452 3381 535 3440 esse,
561 3363 665 3424 deinde
686 3380 823 3438 vomere,
845 3361 1043 3420 necessarium
1064 3364 1116 3414 est.

129 3447 282 3507 Vetustate
310 3447 420 3508 callosa
440 3448 471 3508 lit
492 3449 595 3508 fistula.
634 3445 733 3508 Gallus
752 3454 846 3506 autem
866 3445 1010 3506 neminem
1029 3437 1117 3514 tatttt‘,
