2392 3906
153 205 207 268 80.
446 218 478 263 u.
494 216 525 266 c.
543 215 641 267 ceusu
658 215 852 264 crememus

150 375 273 452 itemque
292 389 332 432 eo
356 369 455 448 coelo,
478 371 553 450 quod
567 373 658 447 magis
679 370 793 447 digerit.
826 367 870 430 Ob
888 385 971 446 quam
988 371 1142 430 cansamin

147 456 248 517 Africa
263 455 341 516 nullo
354 454 399 516 die
418 473 508 531 aeger
519 455 654 514 abstineri
665 463 744 514 recte
757 454 876 513 videtur.
908 453 1045 514 Maturius
1060 456 1143 514 etiam

147 557 250 620 puero,
266 558 350 619 quam
361 540 471 615 juveni,
490 547 609 612 aestate,
629 555 711 615 quam
727 536 831 616 hieme,
848 538 909 597 dari
924 537 1021 596 debet.
1050 537 1143 597 Unum

146 624 216 685 illud
233 633 289 697 est,
308 623 384 704 quod
399 640 524 700 semper,
541 619 618 698 quod
634 620 740 699 ubique
757 621 927 682 servandum
942 629 1001 694 est,
1018 629 1047 680 ut
1061 623 1142 698 aegri

146 709 226 782 vires
239 707 360 768 subinde
375 706 503 767 assidens
519 705 645 764 medicus
661 705 809 784 inspiciat,
827 714 856 766 et
873 704 1004 783 quamdiu
1022 721 1162 783 supere-s

145 801 227 869 runt,
251 791 421 852 abstinentia
443 797 567 867 pugnem
589 790 613 848 si
634 788 858 848 imbecillitatem
880 790 976 848 vereri
997 789 1143 866 coeperit,

147 875 213 936 cibo
225 875 385 935 subveniat.
400 873 433 932 ld
444 875 518 932 enim
531 873 594 947 ejus
609 873 735 934 cilicium
748 881 803 948 est,
813 881 842 931 ut
851 889 979 948 aegrum,
988 888 1086 949 neque
1100 890 1143 930 su-

145 977 293 1038 pervacua
307 959 425 1018 materia
438 965 561 1028 oneret,
589 973 683 1034 neque
700 955 925 1016 imbecillitatem
941 956 1015 1016 fame
1027 955 1143 1032 prodat.

144 1041 234 1120 ldque
245 1041 320 1120 apud
333 1041 534 1100 Erasistratum
550 1057 665 1119 qnoque
680 1040 811 1112 invenio:
833 1041 880 1116 qui
898 1039 1026 1116 quamvis
1042 1055 1144 1116 parurn

62 1158 65 1166 ·
145 1125 259 1198 docuit,
283 1124 396 1202 quando
418 1133 534 1199 venter,
557 1124 668 1201 quando
691 1141 798 1202 corpus
821 1123 913 1201 ipsum
936 1122 1142 1197 exinaniretur,
1153 1139 1171 1178 u

145 1206 267 1268 dicendo
291 1217 385 1266 tamen
411 1207 484 1266 haec
510 1225 577 1266 esse
598 1207 735 1283 videnda,
764 1214 794 1266 et
816 1214 873 1266 tum
895 1205 988 1266 eibum
1008 1204 1144 1281 dandum,

146 1309 230 1369 quum
246 1293 364 1369 corpori
379 1290 549 1366 deberetur,
571 1293 641 1350 satis
657 1290 797 1366 ostendit,
822 1289 887 1350 dum
908 1291 985 1348 vires
1006 1307 1143 1368 superes·

145 1383 223 1450 sent,
244 1373 304 1434 dari
327 1391 384 1432 non
408 1383 560 1452 oportere;
585 1393 621 1435 ne
645 1375 818 1446 delicerent,
842 1372 1047 1433 consulendum
1065 1390 1143 1432 esse.

145 1454 191 1518 Ex
204 1457 248 1518 his
261 1467 354 1517 autern
364 1458 486 1534 intelligi
499 1467 605 1535 potest,
623 1458 657 1518 ab
671 1475 727 1517 uno
742 1456 854 1517 medico
865 1457 968 1516 multos
981 1473 1039 1516 non
1049 1474 1143 1534 posse

145 1543 255 1602 curari:
273 1559 403 1621 eumque,
417 1544 442 1601 si
459 1541 564 1600 artilex
578 1551 633 1616 est,
647 1541 780 1601 idoneum
796 1559 872 1620 esse,
889 1541 936 1620 qui
950 1558 1007 1599 non
1021 1540 1140 1599 multum
1150 1564 1169 1602 c

143 1625 180 1686 ab
198 1643 289 1701 aegro
304 1626 424 1685 recedit.
455 1625 512 1685 Sed
527 1626 575 1703 qni
591 1625 719 1705 quaestui
734 1626 878 1700 serviunt,
895 1624 1028 1703 quoniam
1042 1625 1070 1682 is
1085 1641 1141 1682 rua·

140 1711 241 1784 J'orex
259 1709 368 1787 populo
385 1718 446 1784 est,
462 1708 585 1768 libenter
599 1708 807 1788 amplectuntur
823 1725 857 1767 ea
873 1715 1046 1786 praecepta,
1067 1725 1143 1786 qnae

145 1792 324 1852 sedulitatem
339 1809 396 1850 nnn
412 1793 544 1868 exiguum
567 1795 647 1852 utin
667 1792 720 1852 hac
735 1794 798 1870 ipsa
819 1809 861 1851 re.
891 1791 990 1852 Facile
1004 1799 1049 1850 est
1066 1793 1142 1868 enirn

145 1875 207 1935 dies
222 1874 271 1936 vel
287 1876 474 1935 accessiones
495 1893 644 1935 numerare
659 1878 694 1935 iis
710 1893 840 1954 quoqne,
865 1876 913 1952 qui
936 1892 1054 1950 aegrum
1074 1889 1141 1934 raro

144 1959 264 2036 vident:¹
282 1958 331 2018 ille
345 1959 471 2018 assideat
485 1953 608 2018 neccsse
623 1968 691 2035 est,
702 1961 764 2038 qui,
788 1957 865 2036 quod
881 1958 973 2018 solum
990 1976 1065 2036 opus
1088 1968 1169 2032 est,u

144 2045 257 2102 visurus
275 2050 336 2117 est,
360 2041 472 2119 qnando
487 2043 569 2103 nimis
588 2043 748 2103 imbecillus
769 2043 879 2101 iuturus
900 2044 951 2118 sit,
972 2042 1028 2101 nisi
1046 2042 1142 2100 cibum

85 2120 90 2131 '
144 2127 302 2205 acceperit.
340 2126 371 2187 ln
393 2126 522 2206 pluribus
550 2135 644 2187 tamen
664 2127 699 2187 ad
727 2127 834 2186 initium
856 2125 913 2186 cibi
937 2125 999 2186 dies
1020 2129 1142 2204 quartus

144 2211 306 2289 aptissimus
323 2229 390 2270 esse
407 2211 567 2270 consuevit.

96 2327 105 2346 ·
205 2293 258 2354 Est
274 2305 366 2354 autent
382 2295 437 2354 alia
455 2297 539 2356 etiam
553 2295 590 2355 de
605 2295 706 2356 diebus
727 2295 798 2372 ipsis
822 2294 974 2370 dubitatic;
1005 2293 1142 2368 quoniam

143 2378 249 2455 antiqui
273 2379 449 2455 potissimum
471 2380 594 2458 impares
617 2377 826 2456 sequebantur,
848 2395 973 2455 eosque,
994 2383 1169 2454 tamquamrs

143 2468 211 2519 tunc
224 2460 259 2519 de
281 2462 378 2539 aegris
389 2462 577 2536 judicaretur,
592 2460 765 2541 κρισίμους
780 2460 985 2521 nominabaut'i
1003 2458 1095 2536 [adeo
1114 2467 1143 2517 nt

143 2541 336 2624 Hippocrates
360 2543 454 2623 (Apis.
476 2545 533 2619 lv,
554 2546 608 2612 61;
638 2541 733 2602 Coae.
753 2544 843 2622 142),
866 2547 889 2604 si
911 2544 968 2603 alio
987 2542 1033 2602 die
1049 2541 1144 2602 febris

143 2625 293 2699 desiisset,
310 2626 467 2686 recidivam
482 2629 581 2685 timere
598 2629 633 2685 sit
648 2626 773 2706 solitus].
801 2629 836 2688 Hi
853 2637 934 2687 erunt
950 2627 1011 2710 qb'es
1026 2629 1143 2700 tertius,

143 2710 272 2786 quintus,
288 2703 441 2807 septimus,
458 2725 567 2782 nonus,
585 2708 767 2786 undecimus,
784 2712 1048 2791 quartusdecimus,
1067 2727 1142 2769 unus

144 2801 172 2852 et
190 2793 360 2858 vicesimus;
382 2792 421 2850 ita
438 2799 468 2850 ut
483 2809 587 2851 summa
607 2795 732 2870 potentia
749 2797 888 2874 septimo,
904 2793 1008 2854 deiude
1024 2804 1169 2872 quarto-m

143 2875 272 2950 decimo,
299 2873 403 2934 deinde
424 2875 472 2933 uni
493 2884 521 2935 ct
540 2877 679 2937 vicesimo
703 2877 817 2938 daretur
835 2880 890 2958 (ci.
912 2876 991 2955 Aple.
1014 2874 1058 2951 ll,
1084 2877 1140 2942 23;

61 2978 65 3000 ¹
142 2956 235 3036 Epid.
253 2958 276 3034 l,
295 2957 447 3027 l2;Hum.
462 2961 492 3036 4,
510 2960 539 3036 5,
554 2961 599 3038 6).
630 2960 721 3039 Igitur
737 2963 780 3022 sic
795 2979 902 3040 aegros
916 2959 1099 3032 nutriebant,
1114 2967 1142 3017 nt

143 3041 251 3102 dierum
273 3045 420 3120 imparium
446 3047 633 3105 accessiones
661 3054 886 3124 exspectaretur
906 3044 1009 3104 deinde
1034 3052 1141 3121 postea

144 3125 247 3203 cibum,
266 3128 347 3205 quasi
364 3126 520 3188 levioribus
536 3129 752 3189 accessionibus
765 3128 949 3203 instantibus,
966 3126 1078 3187 darent.
1109 3123 1141 3184 ld

143 3209 334 3289 Asclepiades
351 3213 419 3286 jnre
440 3222 470 3272 ut
491 3230 594 3272 vanum
617 3214 791 3292 repudiavit;
817 3222 903 3292 atque
928 3214 955 3271 in
977 3209 1057 3270 nullo
1081 3209 1170 3280 diens

144 3295 208 3372 quia
231 3312 284 3372 par
303 3296 432 3374 imparve
452 3306 546 3374 esset,
569 3298 603 3357 iis
624 3297 674 3358 vel
691 3299 782 3372 maJus
798 3297 845 3356 vel
864 3298 956 3355 minus
976 3293 1139 3374 periculum

143 3397 210 3440 esse
221 3377 306 3446 dixit.
336 3379 479 3449 Interdum
491 3383 565 3440 enim
577 3382 696 3460 pejores
711 3381 773 3441 dies
784 3399 870 3460 pares
882 3381 963 3448 irunt;
983 3387 1012 3438 et
1028 3393 1138 3455 oppor-

143 3465 236 3526 tunius
264 3473 332 3542 post
356 3481 454 3524 eornm
484 3469 671 3526 accessiones
694 3464 775 3526 cibus
798 3465 889 3524 datur.
920 3463 1139 3541 Nonnumquam
