2396 3904
152 151 215 216 360
450 159 483 210 Δ.
499 159 529 210 (l.
546 159 857 211 metumientem

153 333 240 396 mum
263 312 304 375 ibi
325 313 514 380 ualentissimi
534 315 620 376 nervi
633 314 814 394 musculique
828 315 905 390 sint,
922 311 951 374 ei
972 331 1061 374 suum
1074 311 1151 374 robe

152 398 275 476 bubent,
291 399 342 460 vix
357 398 523 468 admitterm
538 401 562 460 si
578 416 637 460 non
651 398 769 476 babent,
786 407 892 479 postes
911 415 976 458 non
994 399 1149 457 continere

154 483 334 546 Tentandum
347 483 509 560 igiturest,
524 492 564 558 et,
580 485 606 543 ei
622 492 753 545 tenerum
768 481 929 543 membrum
947 491 1011 554 est,
1027 483 1102 540 sutis
1115 489 1150 540 est

152 565 266 627 habena
281 566 372 626 alteru
388 565 423 626 sb
439 565 568 644 inguine,
583 567 675 628 elters
691 584 709 627 e
728 585 806 644 genn
820 566 950 626 intendi:
972 565 999 623 si
1024 565 1148 636 velitne,

152 650 257 710 melius
276 647 436 724 adducent,
461 651 509 728 qui
530 650 648 710 eusdem
668 650 796 710 hebenus
811 649 847 710 ud
860 649 964 709 relide
983 649 1093 708 bacula
1106 647 1158 714 des

154 733 284 810 ligurium
301 749 445 811 quumque
460 749 560 792 eornm
577 733 694 793 iustium
708 735 780 794 lmus
800 741 900 812 portes
917 733 1086 810 oppositae
1098 748 1147 789 no·

153 833 204 876 rue
228 815 410 892 objeoerint,
440 817 609 895 superiores
634 817 673 877 sd
699 834 732 876 se
746 825 866 894 utruque
890 832 982 873 mune
1003 814 1146 874 traxerint

152 897 314 959 Etiamnum
326 897 468 958 valentius
484 899 639 960 intenditur
652 898 808 960 membrum
824 915 914 976 super
928 915 1097 972 eeumnmn,
1113 896 1148 954 oui

154 981 190 1042 sb
207 989 328 1059 utreque
343 989 427 1059 purte
441 998 513 1042 uxes
528 992 609 1058 sunt,
633 981 669 1042 ed
684 999 759 1061 quos
774 981 907 1041 hebense
929 981 1006 1040 illue
1025 980 1148 1056 deligun-

153 1073 214 1124 tur:
232 1066 297 1142 qui,
320 1074 351 1124 ut
372 1067 401 1126 in
421 1064 629 1140 torcularibus,
646 1059 800 1142 eonv'orsi,
816 1081 956 1141 rumpere
973 1080 1113 1142 qnoque,
1129 1063 1167 1122 sio

154 1147 219 1223 quie
234 1150 482 1224 perseveraverit,
498 1165 555 1208 non
570 1148 665 1210 solum
679 1147 839 1208 extendere
854 1163 969 1206 nervos
991 1155 1026 1205 et
1046 1163 1147 1205 mnseu

152 1227 201 1288 los
231 1238 361 1308 possunt.
396 1228 592 1292 Colloesndus
607 1241 702 1292 sutem
717 1231 804 1292 hono
818 1229 953 1310 superid
971 1227 1147 1306 seumnuxb

154 1319 201 1370 est
215 1320 262 1372 sut
280 1331 403 1392 pronus,
421 1322 470 1376 sut
484 1316 619 1396 supinus,
635 1323 684 1378 eut
706 1315 734 1374 in
748 1314 822 1374 letus
836 1314 894 1390 sie,
916 1321 949 1372 nt
973 1331 1099 1392 semper
1120 1329 1148 1370 eu

153 1410 224 1474 pers
239 1398 374 1476 superior
387 1399 439 1475 sit,
486 1399 516 1458 in
541 1414 625 1476 quem
647 1395 682 1456 ns
710 1396 881 1482 prolapsum·
909 1405 975 1467 est;
1008 1419 1049 1460 es
1085 1395 1146 1456 inle

153 1479 225 1556 rior,
248 1497 335 1559 uquu
352 1483 486 1542 reeessit.
513 1481 620 1542 Nervis
640 1481 782 1557 extentis,
805 1481 875 1540 siin
889 1482 1025 1558 priore·
1038 1488 1166 1560 perteus

155 1579 190 1622 os
207 1565 301 1640 venit,
323 1564 473 1624 rotundum
487 1565 594 1643 sliquid
610 1583 702 1644 super
712 1566 819 1641 inguen
833 1562 1016 1642 ponendum:
1045 1563 1145 1622 subito

154 1663 213 1722 que
228 1664 318 1725 super
334 1646 363 1707 id
378 1665 455 1724 penu
470 1647 669 1708 udduoeudum
684 1657 730 1710 est
747 1646 854 1708 eodem
865 1647 970 1726 modo,
991 1647 1145 1724 eademqne

154 1727 192 1788 de
208 1747 312 1805 osuss,
334 1747 395 1809 que.
413 1731 489 1792 idem
511 1732 541 1791 in
556 1731 677 1792 maenio
692 1732 739 1801 llt;
762 1731 970 1810 protinusque,
989 1733 1015 1790 si
1032 1729 1145 1808 nonupli

154 1811 215 1869 euri
236 1811 329 1871 lemur
348 1822 464 1891 potest,
491 1813 567 1874 intus
581 1823 636 1875 eet.
666 1813 699 1876 lu
721 1816 829 1875 ueteris
851 1830 923 1872 vero
939 1814 1083 1890 ossibus,
1106 1811 1144 1872 uli
1186 1867 1187 1874 ,

155 1908 224 1951 osse
240 1911 294 1972 per
307 1895 365 1954 rim
378 1898 494 1976 psulum
508 1899 583 1958 inter
598 1915 632 1958 so
647 1906 846 1974 recesserunt,
860 1897 993 1958 medicus
1001 1897 1102 1958 debet
1112 1895 1163 1970 itt

155 1975 233 2053 qnod
249 1979 364 2056 eminet,
381 1989 460 2040 retro
476 1999 585 2057 eogere
594 2003 602 2051 ;
617 1983 747 2042 minister
758 1989 860 2042 eontrs
874 1982 942 2042 inde
960 1998 1074 2040 eoxsm
1088 1994 1142 2058 pro

153 2059 278 2137 pellere.
321 2063 464 2141 Reposito
489 2081 575 2141 osse,
605 2065 676 2126 nibil
700 2064 777 2125 uliud
798 2064 866 2124 nori
881 2066 994 2125 ourstio
1019 2063 1142 2141 requirit

154 2158 238 2218 quem
254 2153 284 2205 ut
306 2145 411 2206 dlutius
433 2147 459 2206 is
473 2147 502 2206 in
516 2147 595 2210 leuto
610 2147 791 2218 delineatum
814 2165 868 2224 ue,
885 2148 910 2206 si
927 2156 1041 2210 motum
1058 2145 1143 2207 udbue

153 2228 252 2287 nervis
269 2227 428 2291 laxioribus
442 2230 535 2313 lemur
551 2232 654 2310 luerit,
669 2249 769 2292 rursus
786 2232 940 2312 erumpet.'

477 2464 675 2535 cuens
708 2467 858 2538 xxx,
1017 2429 1020 2434 ’
1148 2488 1163 2526 s

529 2577 567 2626 De
584 2590 653 2642 genu
670 2576 768 2626 luxeto.

217 2717 298 2782 Genu
311 2737 383 2784 vero
399 2732 429 2784 et
444 2725 472 2785 in
488 2726 681 2800 exteriorem,
697 2733 727 2784 et
744 2725 772 2786 in
788 2723 973 2800 interiorem,
999 2733 1033 2784 et
1054 2726 1082 2784 in
1098 2741 1140 2804 po

153 2805 306 2867 steriorem
322 2817 435 2886 purtem
450 2808 599 2890 excidere,
615 2808 792 2868 notissimum
807 2815 861 2868 est.
892 2807 926 2867 ln
943 2808 1075 2887 priorem
1092 2823 1140 2868 non
1187 2865 1188 2874 ,

153 2889 267 2967 prolabi
293 2891 426 2971 plerique
447 2893 640 2970 seripserunt:
663 2899 819 2969 potestque
840 2891 869 2950 id
887 2907 961 2950 vero
985 2893 1138 2968 proximum

153 2989 232 3047 esse,
249 2992 335 3051 quum
352 2977 417 3038 inde
433 2977 568 3055 opposite
584 2974 708 3054 petella,
725 2976 788 3052 ipse
810 2989 927 3052 quoque
946 2974 1159 3051 ouputtibluen

154 3057 309 3118 eontineet.
337 3058 440 3139 Meges
455 3070 550 3121 temen
564 3076 645 3134 enm,
672 3058 718 3116 oui
739 3059 767 3117 in
786 3060 914 3136 priorem
936 3065 1053 3134 partem
1068 3055 1135 3117 exui·

152 3133 254 3208 disset,
269 3157 285 3198 u
302 3159 335 3200 se
352 3155 477 3205 curetum
494 3160 572 3219 esse,
582 3141 744 3212 ,memoriae
759 3141 893 3221 prodidit.
920 3139 952 3200 ln
967 3139 1012 3199 bis
1030 3138 1135 3200 essibus

153 3217 260 3278 intendi
279 3224 362 3281 nervi
381 3227 541 3288 rationibus
559 3224 676 3301 iisdem,
700 3241 771 3302 quus
787 3225 815 3285 in
830 3224 942 3284 femore
956 3223 1061 3301 retuli,
1074 3237 1133 3302 pos·

200 3399 370 3469 1)cr.ntpp.
385 3405 426 3457 so.
440 3407 533 3468 suune
546 3410 576 3460 n.
590 3409 637 3470 su,
650 3423 675 3472 p.
689 3405 733 3468 so,
745 3407 797 3459 eeu
810 3379 1038 3469 -eouqoonesn
