2392 3906
272 195 340 243 mn.
355 195 391 243 11.
406 193 480 243 cna.
495 193 590 244 xxx1.
605 192 715 242 xxx11.
731 183 857 242 xxxm.
1018 175 1058 240 73

44 349 99 408 sic
118 366 176 426 eo,
193 350 270 428 quod
284 347 349 408 mali
364 356 424 424 est,
446 347 604 425 extrahunt.
634 345 747 406 Habent
767 355 859 408 autem
879 344 954 405 hanc
969 345 1058 406 fucul-

42 441 157 492 tatem
180 435 286 493 semina
308 449 428 507 erucae,
450 431 593 506 nasturtii,
616 428 774 498 radiculac;
796 431 951 509 praecipue
965 438 1059 489 tamen

47 517 195 576 omnium
210 517 310 594 sinapi.
339 515 414 576 Salis
432 515 546 599 quoque
559 523 587 573 et
602 515 648 574 lici
664 513 763 574 eadem
777 516 821 573 vis
835 523 889 574 est.

117 597 242 659 Leniter
260 616 329 658 vero
345 598 427 657 simul
448 608 476 658 et
492 599 648 677 reprimunt
664 606 693 657 et
709 597 837 658 molliunt
857 598 921 657 lana
943 597 1057 656 succida

23 701 94 743 sex
111 691 208 742 aceto
224 683 272 742 vel
290 681 367 758 vino,
385 684 430 742 cui
446 682 540 742 oleum
555 681 697 757 adjectum
715 690 773 750 est;
798 681 935 740 contritae
951 679 1057 758 palmu-

49 766 124 840 lae,
149 764 277 826 furfures
298 767 326 824 in
351 765 514 845 salsaeque
537 765 584 825 vel
606 774 690 825 aceto
711 764 834 825 decocti.
868 765 907 822 At
927 763 1008 822 simul
1029 771 1058 822 ct

49 851 234 928 reprimunt,
247 859 276 909 ct
287 849 460 926 refrigerant
471 848 560 909 herba
571 848 696 924 muralis,
714 845 885 927 περδίκιον
900 846 1056 925 appellant,

52 932 236 1011 serpyllum,
250 933 406 1011 pulegium,
419 934 549 1008 ocimum,
563 931 651 992 herba
664 931 849 1009 sanguinalis,
862 948 945 1009 quam
956 928 1058 990 Graeci

56 1007 259 1094 πολύγονον
274 1027 395 1091 vocant,
417 1017 582 1096 portulaca,
599 1017 753 1094 papaveris
767 1015 853 1093 folia,
871 1013 1057 1093 capreolique

23 1100 181 1174 novitium,
206 1099 349 1160 coriandri
369 1100 438 1160 folia
446 1145 459 1176 ,
470 1099 688 1176 hyoscyamum,
703 1116 833 1176 muscus,
850 1099 932 1172 siser,
951 1099 1057 1174 apium,

61 1181 208 1256 solanum,
226 1201 308 1262 quam
324 1175 481 1262 στρύχνον
497 1183 600 1244 Graeci
614 1191 734 1259 vocant,
751 1182 898 1243 brassicae
914 1181 1001 1255 folia,
1017 1183 1056 1240 in·

59 1265 162 1340 tubus,
175 1265 323 1344 plantago,
335 1268 470 1327 foeniculi
485 1285 593 1344 semen,
606 1269 727 1326 contrita
741 1267 803 1346 pira
814 1266 862 1326 uel
874 1264 958 1340 mala,
975 1282 1056 1342 prae

56 1350 212 1426 cipueque
227 1359 349 1410 cotonea
364 1351 418 1429 (cf.
433 1367 496 1429 cap.
511 1353 578 1429 24),
596 1349 739 1426 lenticula,
757 1367 831 1427 aqua
842 1348 956 1425 frigida,
969 1350 1056 1409 maxi·

39 1449 170 1510 ‚meque
183 1431 326 1510 pluvialis,
341 1436 450 1510 unum,
469 1444 589 1509 acetum,
606 1443 634 1493 et
651 1434 750 1493 horum
766 1433 862 1511 aliquo
878 1431 995 1492 madens
1008 1430 1057 1491 vel

24 1533 49 1572 ro
59 1518 159 1595 panis,
175 1516 223 1575 vel
239 1517 340 1593 farina,
357 1517 406 1576 uel
422 1519 554 1595 spongia,
573 1516 620 1577 vel
633 1519 714 1592 cinis,
729 1516 778 1577 vel
793 1516 857 1577 lana
868 1515 993 1589 succida,
1008 1513 1056 1574 vel

61 1601 150 1658 etiam
167 1598 327 1675 linteolum,
345 1609 425 1661 creta
441 1599 568 1676 cimolia,
585 1617 722 1678 gypsum,
739 1599 889 1676 melinum,
905 1607 1055 1674 myrteum,

60 1699 142 1758 rosa,
160 1683 294 1743 acerbum
310 1684 420 1759 oleum,
435 1683 622 1744 verbenarum
636 1693 755 1743 contusa
770 1701 832 1744 cum
849 1684 956 1743 teneris
971 1682 1055 1742 catili-

60 1765 117 1825 ltus
131 1765 219 1836 fclia;
239 1770 319 1842 cujus
337 1769 453 1844 generis
470 1777 533 1827 suut
546 1768 620 1843 olea,
639 1784 804 1846 cupressus,
818 1777 939 1842 myrtus,
957 1764 1054 1825 lentis·

62 1867 128 1925 cus,
148 1853 277 1928 tamarix,
293 1851 450 1928 ligustrum,
466 1868 542 1928 rosa,
558 1850 653 1928 rubus,
670 1852 774 1928 laurus,
790 1850 908 1927 hedera,
924 1851 1055 1929 punicum

26 1954 52 1995 aa
62 1932 178 1991 malum.
192 1934 259 1994 Sine
272 1934 384 2011 frigore
396 1945 488 1995 autem
500 1937 657 2013 reprimunt
669 1944 752 1994 cocta
763 1935 835 1994 mala
851 1943 982 2009 cotonea,
997 1949 1053 1992 ma-

61 2014 208 2093 licorium,
225 2035 298 2096 aqua
311 2017 412 2094 calida,
427 2019 521 2096 inqua
534 2019 677 2078 verbenae
692 2027 794 2078 coctae
806 2020 870 2093 sint,
885 2035 955 2095 quas
968 2033 1054 2094 supra

55 2100 163 2178 posui,
187 2101 281 2178 pulvis
295 2101 342 2161 vel
360 2120 397 2162 ex
417 2102 501 2161 faece
515 2103 590 2178 vini,
613 2101 661 2160 vel
676 2121 714 2160 ex
727 2103 810 2176 myrti
825 2101 918 2176 foliis,
942 2117 1053 2160 amarae

60 2200 163 2242 nuces.
194 2182 335 2246 Calefacit
353 2203 426 2245 vero
453 2203 490 2244 ex
517 2184 642 2262 qualibet
663 2184 752 2244 farina
780 2183 968 2261 cataplasma,
993 2183 1055 2241 sive

63 2267 165 2342 tritici,
181 2269 243 2326 sive
257 2267 360 2344 farris,
376 2266 570 2344 sive'hordei,
586 2269 648 2326 sive
664 2269 740 2342 ervi,
752 2267 804 2326 'uel
819 2266 896 2342 lolii,
911 2265 958 2324 uel
972 2265 1053 2340 milii,

35 2349 115 2409 cavel
129 2351 239 2428 panici,
256 2351 303 2410 vel
319 2351 487 2427 lenticulae,
503 2349 663 2427 vallatae,
678 2350 725 2409 vel
741 2350 843 2428 lupini,
860 2349 906 2408 vel
924 2348 988 2422 lini,
1005 2347 1053 2408 vel

69 2431 143 2492 foeni
153 2435 252 2510 graeci
260 2435 313 2514 (cf.
321 2435 340 2496 l.
348 2435 416 2512 33),
424 2435 472 2493 ubi
484 2452 518 2494 ea
530 2433 842 2512 deferbuit,calitlaque
854 2433 986 2512 imposita
998 2439 1051 2490 est.

67 2515 215 2576 Valentior
226 2526 320 2578 tamen
331 2519 365 2579 ud
376 2518 404 2578 id
415 2518 505 2578 omnis
516 2517 607 2578 farina
619 2527 663 2576 est
674 2523 712 2577 ex
722 2517 826 2594 mulso,
839 2535 921 2595 quam
931 2515 1053 2592 erfaqua

65 2607 160 2659 cocta.
193 2581 346 2662 Praeterei
363 2604 522 2679 cyprinum,
537 2601 656 2677 irinum,
671 2601 809 2678 medulla,
827 2601 916 2679 adeps
931 2601 968 2659 cx
981 2599 1051 2676 fele,

65 2682 169 2759 oleum,
184 2685 332 2763 magisque
347 2687 371 2744 si
387 2694 469 2745 vetus
485 2693 538 2762 est,
549 2684 705 2763 junctaque
722 2685 789 2746 oleo
805 2684 982 2761 saluimum,
999 2684 1052 2759 git,

32 2767 164 2844 acpiper,
187 2768 419 2848 quinquefolium.
452 2767 603 2846 Fereque,
625 2787 697 2848 quae
712 2767 897 2828 uehementer
914 2776 942 2826 et
960 2767 1051 2843 repri-

64 2858 157 2922 munt,
180 2859 209 2908 et
233 2852 420 2928 refrigerant,
444 2850 556 2921 duraut;
582 2869 654 2930 quae
675 2852 847 2911 calefaciunt
861 2859 890 2910 et
910 2851 1050 2926 digerunt,

66 2931 224 2991 emolliunt:
253 2933 464 3013 praecipueque
484 2935 520 2994 a'd
541 2935 739 2994 emolliendum
761 2943 858 3014 potest
878 2933 1050 3011 cataplasma

65 3033 104 3074 ex
118 3015 166 3073 lini
182 3015 229 3075 vel
247 3016 328 3076 foeni
342 3019 442 3094 graeci
456 3019 573 3078 semine.
598 3017 650 3078 llis
664 3027 757 3078 autam
772 3016 916 3092 omnibus,
936 3025 964 3075 et
985 3015 1049 3096 sim·

66 3097 203 3176 plicibus,
225 3109 253 3159 et
270 3102 433 3179 permixtis,
454 3102 533 3162 varie
549 3101 652 3161 medici
673 3109 799 3170 utuntur;
822 3110 852 3159 ut
872 3099 963 3175 magis
984 3093 1050 3177 quid
1162 3170 1172 3180 ὁ

34 3181 186 3260 aquisque
208 3186 384 3260 persuaserit
407 3184 478 3260 silti,
507 3193 662 3262 appareat,
694 3201 776 3262 quam
793 3183 874 3263 'quid
903 3182 1049 3243 evidenter

67 3265 247 3344 compererit.

426 3406 695 3420 Μ
