2392 3906
147 184 208 248 118
442 197 474 244 n.
490 196 520 245 o.
539 195 638 248 oanan
654 193 850 244 uunumunn

145 351 294 432 anepolis,
327 350 413 412 modo
441 359 565 410 mentum
595 353 707 431 pentori
735 351 880 426 adnectit,
916 350 1006 410 modo
1032 357 1141 408 restam

92 485 95 494 .
146 447 175 497 et
210 435 384 496 immobilem
420 437 565 495 eervieem
596 435 724 495 intendit.
781 435 910 495 Priorem
937 433 1043 494 Graeci
1074 422 1141 493 dat·

145 511 326 595 eodeovon,
357 519 557 596 insequentem
579 511 871 598 ἐμπροσθότονον,
898 517 1026 577 ultimum
1053 513 1141 577 τέια·

145 623 208 666 νον
233 603 400 682 appellant:
428 604 556 681 quamvis
579 604 671 661 minus
697 603 840 662 subtiliter
864 601 977 680 quidam
1000 600 1142 661 indisere-

146 691 183 748 tis
209 688 253 747 his
277 685 436 746 nominibus
461 695 583 745 utuntur.
630 685 672 745 Ea
701 701 793 764 saepe
820 686 892 744 intra
914 695 1045 763 quartum
1067 685 1161 745 diemo

146 772 265 832 tollunt:
297 771 320 830 si
344 771 615 845 tnnoevaserunt,
650 771 712 828 sine
739 769 871 849 periculo
891 779 956 827 suut
977 767 1084 848 (Aple.
1106 769 1142 844 V,

146 856 192 933 6).
231 853 339 915 Eadem
360 854 453 914 omnia
475 855 587 914 ratione
609 863 758 922 nutantum
787 851 873 931 idque
895 855 1040 913 convenit.
1085 853 1144 913 Sed

145 938 340 1016 Asclepiades
355 939 453 1016 utique
468 938 635 998 mittendum
649 939 816 1014 sanguinem
830 937 967 997 eredidit:
988 937 1070 1016 quod
1083 938 1145 1015 qni-

147 1023 210 1083 dam
230 1022 373 1081 vitandum
398 1039 465 1080 esse
487 1022 635 1096 dixemnt‚
659 1039 696 1082 eo
718 1021 795 1100 quod
816 1022 938 1081 maxime
955 1031 1014 1081 tum
1031 1037 1142 1099 corpus

147 1107 247 1166 oalore
266 1114 382 1181 egeret:
406 1106 489 1184 isque
507 1116 587 1166 esset
601 1109 630 1166 in
646 1106 794 1182 sanguine.
827 1105 935 1165 Verum
950 1105 1008 1164 hoo
1026 1105 1172 1182 quidemn

146 1190 249 1249 ialsum
271 1198 325 1248 est.
361 1187 465 1266 Neque
481 1192 554 1249 enim
571 1199 672 1250 natura
687 1190 835 1265 sanguinis
851 1199 912 1265 est,
933 1197 964 1248 nt
979 1190 1082 1268 utique
1097 1207 1142 1249 ea·

147 1273 219 1339 leat:
244 1273 295 1331 sed
319 1290 356 1332 ex
377 1274 412 1331 iis
433 1291 507 1350 quae
523 1275 551 1332 in
565 1273 679 1333 homine
697 1283 777 1348 sunt,
800 1274 846 1333 hio
861 1273 1015 1334 celerrime
1029 1273 1081 1332 vel
1097 1291 1143 1332 ea·

146 1357 247 1431 lesoit,
267 1355 316 1415 vel
331 1357 498 1433 reirigesolt
517 1358 572 1435 (el.
586 1357 673 1437 Hipp.
688 1356 736 1418 De
756 1357 876 1434 corde).
909 1356 981 1417 lllittl
999 1375 1074 1416 vero
1091 1375 1145 1416 neo

147 1458 182 1500 ne
199 1441 320 1517 debeat,
338 1460 376 1500 ex
390 1443 424 1500 iis
441 1441 561 1517 intelligi
576 1451 690 1520 potest,
707 1457 780 1518 quae
795 1442 832 1500 de
845 1441 990 1518 sanguinis
1003 1442 1143 1501 missione

146 1535 305 1604 praesepta
317 1534 382 1585 sunt
394 1524 447 1603 (ll,
462 1527 511 1601 10,
531 1527 595 1604 11).
624 1524 730 1602 Utique
744 1533 838 1584 autem
853 1534 934 1585 reete
947 1525 1030 1586 datur
1043 1535 1139 1586 casto·
1151 1546 1171 1586 n

146 1627 244 1684 reum,
259 1617 289 1668 et
305 1627 368 1668 oum
386 1609 442 1668 hoa
458 1610 556 1686 piper,
571 1610 619 1668 vel
636 1609 729 1668 laser:
750 1609 854 1670 deinde
868 1627 942 1688 opus
956 1619 1000 1669 est
1012 1609 1142 1670 lomento

146 1691 260 1752 humido
278 1701 307 1750 et
323 1693 433 1752 calido:
450 1695 548 1771 itaque
558 1694 696 1771 plerique
712 1710 785 1771 aqua
801 1693 892 1752 calida
906 1694 993 1753 multa
1007 1696 1143 1754 eervices

147 1775 267 1834 subinde
290 1775 473 1853 pertundunt.
511 1775 543 1834 ld
565 1773 780 1856 inpraesentia
803 1778 895 1845 levata
926 1777 978 1836 sed
1000 1787 1142 1858 opportu-

146 1861 244 1919 niores
258 1876 365 1926 servos
381 1860 483 1935 lrigori
498 1859 607 1921 reddit:
631 1861 708 1940 quod
723 1863 821 1939 utique
837 1861 980 1921 vitandum
997 1872 1052 1921 est.
1084 1861 1141 1922 Uti·
1174 1877 1177 1884 ’

147 1943 202 2002 lius
223 1943 310 2018 igitur
334 1953 498 2004 est-aerato
519 1945 629 2023 liquido
652 1948 771 2023 primum
793 1947 937 2005 nerninem
958 1961 1171 2024 perungerent

147 2026 252 2086 deinde
274 2026 429 2087 admovere
450 2030 565 2089 vesicas
581 2029 717 2105 bubulas,
739 2030 787 2089 vel
804 2027 942 2090 utrlonlos
958 2031 1029 2089 oleo
1046 2031 1141 2090 ualido

146 2110 293 2188 repletos,
309 2111 358 2171 vel
375 2130 412 2170 ex
427 2112 517 2172 farina
533 2113 654 2174 palidum
671 2114 861 2192 cataplasma,
878 2114 926 2173 vel
942 2115 1027 2192 piper
1043 2123 1141 2174 rotun·

147 2195 213 2254 dum
230 2211 292 2254 eum
309 2195 365 2256 lion
381 2206 540 2256 contusum.
578 2197 764 2256 Utilissimum
777 2206 871 2258 tamen
888 2207 932 2256 est
948 2197 1063 2258 humido
1081 2199 1142 2257 sale

146 2279 264 2340 lovere:
287 2279 364 2356 quod
385 2281 529 2358 quomodo
546 2281 629 2340 lieret
640 2283 699 2356 jam
716 2283 828 2340 ostendi
844 2280 896 2360 (ll,
917 2283 964 2356 17,
981 2281 1049 2360 33).
1087 2281 1141 2341 Ubi

147 2379 246 2422 eorum
257 2363 363 2439 aliquid
379 2364 486 2424 laetum
501 2373 561 2439 est,
578 2365 733 2423 admovere
746 2363 781 2422 ad
793 2367 906 2441 ignem,
922 2365 988 2441 vel,
1006 2368 1031 2424 si
1044 2375 1169 2426 aestaset

147 2454 209 2519 est,
232 2447 260 2503 in
280 2447 345 2505 sole
360 2463 477 2523 aegrum
492 2456 624 2524 oportet;
648 2449 828 2525 maximeque
844 2450 912 2509 oleo
929 2447 1048 2516 vetere:
1075 2451 1101 2508 si
1114 2449 1141 2508 id

146 2543 203 2588 raon
220 2537 279 2602 est,
302 2530 434 2602 syrianam
458 2532 481 2588 si
496 2549 532 2588 ne
549 2530 575 2588 id
592 2530 706 2608 quidem
722 2539 782 2606 est,
806 2533 892 2610 adipe
907 2550 990 2610 quam
1006 2536 1143 2592 vetustis·

146 2613 216 2668 sima
238 2611 385 2669 servicem
410 2621 439 2670 et
465 2614 601 2690 scapulas
628 2623 657 2672 et
682 2617 790 2692 spinam
815 2617 986 2694 perfricare.
1032 2617 1143 2676 Frictio

147 2711 230 2771 quum
254 2692 384 2752 omnibus
402 2696 433 2753 in
455 2696 569 2756 homine
592 2697 735 2758 vertebris
755 2700 831 2759 utilis
856 2701 910 2776 sit,
932 2709 990 2759 tum
1005 2701 1041 2760 iis
1056 2717 1142 2779 prae-

146 2779 231 2855 eipue
253 2795 327 2856 quae
349 2780 376 2836 in
399 2779 478 2838 eollo
501 2791 575 2841 sunt.
611 2781 690 2859 Ergo
712 2783 759 2844 die
774 2793 936 2862 nocteque,
960 2786 1170 2863 interpositisa

145 2871 240 2921 tamen
266 2861 434 2939 quibusdam
463 2865 651 2943 temporibuS,
688 2867 744 2927 hoo
765 2869 894 2928 remedio
917 2869 1053 2928 utendum
1081 2877 1141 2934 est;

146 2947 211 3005 dum
228 2945 255 3006 id
274 2948 482 3025 intermittitur,
504 2950 706 3028 imponendum
721 2951 861 3027 malagma
876 2952 993 3028 aliquod
1009 2969 1048 3011 ex
1063 2953 1141 3012 cale·

145 3029 326 3089 lenientibus.
350 3028 516 3092 Cavendum
530 3050 602 3093 vero
618 3036 775 3114 praecipue
790 3035 896 3114 frigus3
915 3036 1042 3114 ideoque
1057 3038 1086 3094 in
1105 3053 1141 3094 eo

146 3112 294 3188 oonolavi,
319 3131 375 3190 quo
399 3115 514 3176 cubabit
534 3135 642 3193 aeger,
667 3119 741 3194 ignis
758 3120 908 3178 continuus
926 3138 993 3180 esse
1009 3118 1139 3194 debebit,

144 3197 325 3273 maximeque
340 3207 472 3276 tempore
489 3200 676 3277 antelucano,
693 3219 749 3279 quo
766 3204 922 3280 praeeipue
939 3204 1031 3278 frigus
1047 3205 1168 3264 inter-as

145 3277 227 3338 ditur.
251 3279 358 3359 Neque
373 3277 472 3342 inutile
489 3285 544 3342 erit
560 3293 645 3361 eaput
659 3293 800 3343 attonsum
817 3285 943 3360 habere,
961 3287 1049 3364 idque
1065 3289 1139 3346 irino

141 3364 190 3423 rel
213 3367 336 3440 cyprino
360 3363 453 3422 calido
476 3365 677 3440 madefacere,
701 3376 730 3425 et
753 3370 978 3447 superimposito
992 3371 1071 3449 pileo
1089 3389 1138 3430 ve·

143 3447 218 3516 lare3
236 3462 447 3522 nonnumquam
466 3449 550 3507 etiam
562 3451 590 3507 in
603 3449 723 3508 calidum
735 3451 830 3510 oleum
841 3461 930 3512 totum
943 3453 1137 3530 deseendera,
