2372 3892
160 177 223 240 200
269 149 279 164 ’
382 221 386 228 .
455 185 489 234 s.
503 185 534 235 c.
552 183 651 235 cunas
665 167 860 235 uuurcmu‘u

161 361 218 423 que
233 341 374 404 interdum
392 341 440 417 iit,
461 340 640 402 considerari
655 338 760 417 debet,
783 355 884 419 purum
904 355 941 397 ne
960 335 991 398 id
1005 336 1055 413 sit,
1074 333 1131 413 quod

160 425 346 507 provolutum
361 433 422 501 est,
439 441 477 484 an
490 424 611 485 humore
623 439 745 494 mucoso
761 422 972 484 circumdatum.
1008 421 1038 481 si
1054 433 1131 498 pumn

161 520 222 586 est,
239 512 268 569 in
283 525 356 588 aqua
373 507 509 569 desidere
524 507 611 568 homo
628 506 736 584 debet,
758 515 806 568 aut
830 507 922 582 suba,
944 514 993 566 aut
1015 519 1132 564 cunum
1158 563 1159 568 ,

100 635 103 644 ·
160 593 246 656 benis
259 593 309 656 vel
325 592 477 654 malicorio
499 591 631 652 incocta:
657 592 682 652 si
696 589 855 668 humidum,
875 591 943 650 vino
958 598 1073 650 austero
1086 584 1132 644 salt

161 678 296 739 luendum
315 685 375 753 est,
391 674 616 754 illinendumque
631 674 718 736 laece
734 675 791 735 vini
808 673 968 734 combusta.
1004 672 1060 734 Ubi
1078 679 1144 729 uret

161 760 233 822 libet
245 760 331 822 modo
345 767 473 822 curatum
487 767 541 836 cst,
554 761 629 820 intus
641 758 840 838 reponendum
852 767 914 828 est;
926 753 1133 836 imponendaque

162 846 302 926 plantago
320 845 458 920 contrita,
476 842 523 904 vel
545 842 616 904 lolia
634 842 733 904 salicis
754 845 782 902 in
803 852 888 904 aceto
911 851 1015 910 cocta;
1036 836 1132 900 unto-

161 929 269 992 teolum
283 939 313 990 et
326 945 415 1005 super
429 927 510 988 lana:
526 943 618 1007 eaque
630 926 786 1005 deliganda
797 935 877 1005 sunt,
892 925 1028 988 cruribus
1042 925 1134 982 intera

163 1013 317 1076 devinctis.

225 1099 274 1157 ll.
296 1094 399 1169 Fungo
415 1110 531 1172 quoqne
548 1093 641 1154 simile
657 1094 739 1156 ulcus
755 1095 783 1154 in
799 1093 901 1155 eadem
922 1093 996 1154 sede
1018 1091 1092 1150 nasci
1103 1098 1150 1146 sel

162 1179 212 1239 let.
241 1178 288 1254 ld,
304 1177 328 1236 si
343 1177 434 1236 hiems
448 1186 513 1255 est,
529 1177 661 1256 egelida}
682 1179 707 1238 si
726 1175 802 1239 aliud
818 1187 945 1256 tempus,
963 1175 1070 1254 frigida
1086 1165 1150 1248 aqut'

39 1274 46 1288 ·
162 1261 317 1322 iorendum
333 1269 391 1320 est:
414 1260 480 1320 dein
493 1279 610 1340 squama
633 1263 710 1322 aeris
725 1261 935 1342 inspergenda,
952 1275 1093 1340 supraque
1104 1271 1135 1312 ce

162 1353 254 1406 ratum
271 1363 309 1406 ex
323 1354 436 1406 murteo
448 1345 569 1423 iactum,
587 1347 632 1406 cui
648 1346 763 1426 paulum
774 1363 925 1425 squamae,
939 1345 1084 1422 fuliginis,
1098 1335 1136 1396 od·

163 1429 206 1490 cis
218 1431 255 1492 sit
269 1429 422 1506 adjectum.
447 1429 477 1488 Si
493 1428 548 1489 lrac
563 1431 675 1490 rationo
689 1447 747 1491 non
761 1431 890 1508 tollitur,
906 1430 954 1491 vel
970 1427 1133 1490 medicamen·

162 1514 199 1575 tis
214 1511 493 1591 uehementioribus,
510 1513 557 1575 ael
573 1513 653 1575 ferro
672 1514 846 1577 adurendum
862 1523 917 1576 est.
1139 1515 1151 1556 ¹⁵

501 1751 684 1816 CAPUT
711 1751 815 1814 XIX.

481 1867 517 1919 oa
543 1869 680 1935 digitorum
704 1867 841 1918 ulceribus.

225 2017 388 2095 Digitorum
408 2027 502 2080 autem
522 2030 625 2081 vetera
647 2019 747 2080 ulcera
769 2018 1003 2082 commodissime
1029 2020 1133 2079 commu

164 2111 212 2162 aut
227 2101 322 2179 lycio,
344 2113 393 2164 aut
408 2120 523 2164 amurca
539 2112 640 2180 cocta,
662 2121 748 2182 quum
763 2103 892 2164 utrilibet
907 2105 1004 2163 vinum
1019 2102 1134 2177 adiectum

166 2195 221 2246 est.
253 2183 285 2246 ln
301 2187 402 2248 iisdem
417 2187 560 2248 recedere
576 2186 612 2247 ab
628 2205 725 2265 ungue
742 2188 896 2248 caruncula
910 2205 974 2248 cum
989 2201 1088 2262 magno
1101 2178 1149 2238 lul

164 2270 228 2332 lore
241 2272 408 2331 consueuit:
426 2262 607 2350 πτερύγιον
614 2270 719 2332 Graeci
734 2272 893 2350 appellant.
915 2270 1040 2351 Oportet
1049 2269 1134 2330 aluum

163 2355 297 2414 melinum
315 2355 467 2416 rotundum
488 2357 516 2414 in
532 2371 605 2434 aqua
621 2354 748 2433 liquare,
770 2353 865 2416 donec
882 2356 976 2416 mellis
1000 2345 1133 2415 crassiori

163 2457 228 2497 nem
243 2437 362 2500 habeat:
378 2447 452 2515 tum,
469 2448 603 2518 quantum
618 2439 682 2514 ejus
698 2439 769 2499 aridi
788 2440 856 2516 luit,
879 2439 1053 2500 tantumdem
1065 2429 1134 2495 mollit

163 2519 330 2597 irrlundere,
354 2530 382 2581 et
402 2522 530 2582 rudicula
550 2524 690 2598 miscere,
714 2522 809 2583 donec
829 2524 930 2583 similis
952 2541 1043 2586 croco
1058 2517 1134 2581 colore

113 2643 116 2649 ·
165 2603 226 2678 liat,
243 2620 338 2681 eoque
352 2604 477 2665 illinere.
502 2604 622 2680 Quidam
640 2606 676 2666 ad
692 2606 821 2667 eumdem
842 2626 923 2667 usum
940 2605 1099 2686 decoquere
1110 2596 1150 2655 tlt·

164 2685 222 2746 mul
237 2686 360 2763 malunt,
378 2705 462 2766 quum
481 2691 562 2769 paria
577 2689 707 2770 pondera
723 2691 853 2751 aluminis
869 2690 941 2752 aridi
957 2701 986 2751 et
1002 2689 1089 2750 mellis
1101 2679 1134 2740 ni

164 2779 310 2832 scuerunt.
333 2771 364 2830 Si
378 2770 433 2830 hac
450 2773 561 2833 ratione
578 2792 612 2834 ea
632 2791 690 2834 uon
705 2775 891 2850 exciderunt,
910 2774 1067 2834 excidenda
1077 2772 1132 2829 suot:

165 2856 268 2916 deinde
284 2855 366 2933 digiti
384 2854 503 2916 fouendi
520 2874 594 2936 aqua
611 2875 648 2916 ex
666 2858 819 2936 verbenis,
837 2858 1093 2938 imponendumque
1103 2863 1133 2906 tt·

165 2959 219 3018 per
229 2937 467 3001 medicamentum
481 2941 519 3006 ita
532 2942 654 3001 iactum:
671 2942 819 3019 chalcitis,
834 2943 1027 3020 malicorium,
1044 2945 1132 3018 squtffli

164 3025 241 3084 aeris
257 3026 439 3103 excipiuntur
450 3026 506 3086 lico
521 3025 621 3104 pingui
636 3025 742 3086 leniter
754 3035 838 3087 cocta
854 3044 891 3086 ex
902 3026 1006 3098 melle;
1021 3034 1065 3086 aut
1075 3018 1149 3108 ,papa

164 3114 211 3164 tae
233 3106 415 3186 combustae,
438 3109 655 3188 auripigmenti,
684 3109 829 3188 sulphuris
851 3112 1028 3186 iguem‘uou
1048 3105 1132 3183 expell

165 3205 219 3266 par
238 3189 340 3248 modus
363 3201 463 3253 cerato
484 3194 622 3253 miscetur
644 3211 681 3253 ex
700 3204 813 3254 murteo
835 3194 930 3254 lacto:
954 3203 1001 3254 aut
1016 3182 1132 3264 aerugini

164 3287 249 3332 rasae
268 3290 297 3350 p.
316 3273 371 3350 )·(.
389 3287 412 3333 1.
427 3293 563 3353 squamae
583 3277 659 3337 aeris
684 3295 712 3355 p.
729 3279 786 3356 )·(.
802 3278 976 3338 numellis
992 3277 1132 3352 cyathum·

165 3365 283 3434 guntur:
306 3364 354 3415 aut
373 3376 459 3433 pares
480 3363 631 3438 portiones
653 3363 810 3422 miscentur
825 3363 887 3422 saxi
904 3362 1010 3438 calcis,
1033 3349 1129 3420 chalcli

166 3441 224 3518 dis,
242 3440 451 3518 auripigmenti.
475 3442 619 3522 Quidquid
634 3445 735 3508 horuur
750 3447 913 3527 impositum
929 3456 988 3524 est,
1004 3437 1148 3524 tegenduui
