2444 3904
293 212 301 232 ·
426 218 496 266 ura.
513 219 549 266 11.
573 219 647 266 cna.
663 221 694 268 v.
988 209 1051 270 ’35

54 369 121 445 bis,
143 371 168 429 si
181 380 320 451 tamquam
339 389 376 430 ex
391 371 547 434 furfuribus
566 372 656 433 iactas
671 373 827 434 nubeculas
842 385 1051 454 repraesentat.

27 451 160 536 sDiluta
184 469 300 531 quoque
328 463 415 532 atque
436 455 517 534 alba,
548 457 650 516 vitiosa
674 465 732 534 εει,
759 459 857 519 sedin
878 459 1052 537 phreneticis

53 537 184 600 maxime
204 533 436 616 (Apt.11v,72;
456 537 549 602 Oeae·
563 541 639 610 5683
656 541 693 601 ci.
707 540 818 621 Proque.
832 543 852 617 §
867 543 931 620 12).
961 542 1053 602 'rllvus

54 630 157 681 autern
169 621 245 680 mala
260 629 322 698 est,
346 640 383 682 err
398 631 460 683 toto
481 630 653 702 suppressa:
674 625 838 704 periculosa
855 628 955 702 ctiam,
980 643 1053 705 quae

33 707 135 764 einter
154 703 256 764 febres
271 705 363 765 linens
383 709 592 786 conquiescere
613 707 753 769 bominem
768 710 796 767 in
810 708 896 782 cubili
911 725 967 768 non
983 711 1053 786 pati-

56 798 118 858 tur;
137 788 239 865 utique
255 790 279 849 si
295 789 372 866 quod
387 790 550 868 descendit,
571 800 616 851 est
630 792 837 871 perliquidum,
854 801 902 851 εει
918 792 1052 867 albidum,

56 881 106 932 εει
122 871 279 950 pallidum,
296 883 344 933 aut
358 891 502 952 spumans.
531 875 650 936 Praeter
667 875 740 936 haec
755 875 914 954 periculum
930 876 1055 936 ostendit

55 956 104 1032 id,
121 955 202 1034 quud
218 958 396 1035 excernitur,
412 960 435 1017 si
452 968 497 1018 est
514 959 661 1037 exiguum,
682 961 872 1037 glutinosum,
889 959 989 1032 laeve,
1013 959 1053 1018 al·

58 1040 149 1116 bum,
168 1039 303 1119 idemque
319 1041 523 1121 subpallidam:
537 1043 585 1103 uel
600 1045 625 1103 si
640 1053 684 1103 est
702 1051 750 1103 aut
763 1043 894 1119 liuidum,
911 1051 959 1103 aut
972 1042 1054 1102 bilio-

28 1141 54 1179 uo
64 1141 146 1200 sum,
158 1131 204 1182 εει
214 1133 378 1202 cruentum,
394 1134 443 1186 εει
453 1128 563 1206 pejoris
577 1127 675 1191 odoris
688 1145 771 1206 quam
783 1145 820 1187 ex
836 1127 1053 1188 consuetudine.
1088 1175 1096 1198 ,

64 1205 171 1268 llalurn
185 1217 232 1267 εει
247 1211 346 1286 etiam,
370 1209 446 1288 quod
461 1219 529 1290 post
548 1211 650 1289 longas
665 1211 763 1272 febres
772 1214 919 1290 ¹sincerum
938 1219 983 1296 cst
1000 1209 1053 1287 (ci.
1149 1235 1153 1244 ·

59 1289 175 1370 Prope.
191 1291 213 1368 ὅ
232 1293 295 1370 11).

344 1529 346 1532 -
440 1485 623 1551 CAPUT
649 1491 687 1550 V.

401 1602 437 1652 De
450 1604 532 1670 signis
545 1603 615 1668 longi
628 1604 716 1652 morbi.

25 1767 48 1806 15
120 1752 195 1812 Post
205 1751 284 1812 lnaec
295 1753 399 1814 indiciu
413 1763 509 1814 votum
525 1763 569 1814 εει
582 1753 698 1831 longum
712 1731 841 1812 morbum
858 1753 935 1812 lieri:
955 1752 1007 1812 sed
1026 1760 1056 1810 et

56 1853 188 1897 necesse
210 1844 269 1930 εει,
294 1837 348 1896 nisi
370 1839 485 1898 occidit.
519 1837 621 1916 Neque
642 1838 719 1898 vitae
735 1837 790 1897 alia
810 1854 878 1915 spes
899 1837 928 1895 in
945 1837 1054 1912 magnis

57 1920 143 1980 malis
163 1925 226 1996 est,
245 1935 328 1998 quarn
342 1929 373 1980 ut
390 1922 524 2002 impeturn
537 1923 629 1982 morbi
645 1920 783 1981 trahendo
803 1917 905 1998 aliquis
926 1919 1054 1996 effugiat,

60 2004 288 2082 porrigaturque
310 2003 386 2078 inid
408 2003 538 2084 tempus,
560 2005 637 2085 quod
653 2005 790 2065 curationi
806 2004 1052 2086 locunpraestet.

57 2087 196 2147 Protinus
211 2095 306 2146 tamen
323 2089 403 2166 signa
420 2089 559 2168 quaedam
572 2098 648 2164 sunt,
665 2107 702 2148 ex
719 2088 821 2165 quibus
834 2087 975 2165 colligere
987 2103 1053 2164 pos·

24 2191 49 2232 ao
59 2173 168 2246 simus,
184 2168 332 2246 morbum,
349 2173 402 2231 etsi
420 2191 477 2232 non
491 2169 684 2246 interemerit,
707 2172 820 2248 longius
833 2179 928 2230 tamen
942 2180 1054 2247 tempus

60 2255 241 2314 habiturum:
262 2254 311 2313 ubi
329 2254 449 2332 frigidus
471 2255 559 2314 sudor
578 2256 652 2315 iuter
672 2253 770 2314 iehrcs
789 2272 845 2313 nou
863 2262 962 2314 acutas
977 2256 1054 2312 eirca

62 2344 150 2415 caput
163 2346 271 2396 tantum
287 2340 455 2399 etcervices
468 2341 565 2408 oritur;
582 2345 629 2398 εει
640 2338 699 2413 ubi,
710 2337 793 2400 febre
804 2354 861 2396 non
874 2337 1052 2422 quiesceqtc,

65 2438 171 2496 corpus
191 2421 306 2481 insudat
327 2422 380 2499 (ci.
397 2421 476 2502 Aple.
501 2422 558 2497 lv,
582 2421 638 2490 56;
665 2419 759 2482 Coae.
783 2420 859 2489 56&
880 2419 917 2480 ci.
939 2417 1052 2499 Propo.

63 2504 156 2583 §6);
178 2513 227 2565 εει
241 2504 290 2564 uhi
306 2523 411 2584 corpus
431 2504 517 2566 modo
538 2505 686 2582 frigidum,
707 2504 792 2564 modo
808 2503 928 2565 calidum
944 2513 1005 2578 cst,
1026 2511 1055 2561 ει

25 2589 146 2649 recolor
167 2589 242 2648 alius
266 2608 303 2649 ex
324 2589 380 2650 alio
404 2589 435 2650 lit
455 2588 550 2669 (Aple.
565 2587 622 2665 lV,
643 2589 716 2667 40);
737 2599 784 2648 εει
803 2588 861 2665 ubi,
884 2585 959 2666 quod
981 2589 1055 2646 inter

58 2672 162 2733 febres
183 2673 280 2751 aliqua
302 2682 384 2752 parte
399 2673 552 2750 abscessit,
569 2673 604 2734 ad
617 2675 764 2733 sanitatem
781 2690 839 2732 non
853 2673 986 2751 pervenit
998 2671 1052 2750 (ci.

55 2755 139 2834 Aple.
160 2755 217 2831 IV,
240 2755 312 2834 51);
333 2765 381 2818 εει
400 2756 449 2816 ubi
470 2776 559 2835 aeger
579 2775 633 2835 pro
654 2759 747 2837 spatio
769 2775 868 2835 parurn
884 2755 1055 2816 emacrescit

57 2841 114 2919 (ci.
134 2837 361 2918 Apt.11,28):
383 2841 466 2916 item,
485 2843 510 2900 si
528 2842 607 2901 urina
630 2841 715 2901 modo
738 2839 844 2920 liquida
862 2850 891 2900 et
907 2857 976 2918 pura
997 2847 1053 2912 est,

55 2923 147 2983 modo
160 2923 249 2984 habet
261 2925 401 3002 quaedam
412 2925 602 2994 subsidentia;
616 2926 641 2984 si
650 2924 743 2985 laevia
755 2935 839 3002 atque
853 2923 918 2984 alba
929 2921 1054 2982 rubrave

23 3016 143 3083 ecsunt,
168 3025 244 3086 quac
264 3009 293 3067 in
315 3027 350 3068 ea
374 3007 536 3076 subsidunt;
559 3017 605 3068 aut
626 3009 650 3068 si
674 3009 809 3086 quasdam
832 3009 913 3085 quasi
935 3004 1054 3076 miculas

55 3099 279 3171 repraesentat;
305 3100 352 3153 aut
372 3093 397 3154 si
412 3092 536 3153 bullulas
550 3093 655 3152 excitat
671 3091 724 3170 (cf.
741 3089 852 3170 Proque.
868 3091 889 3166 §
907 3087 971 3166 12).
