2384 3896
324 213 393 263 LIB.
409 213 456 264 IV.
480 213 770 266 cae.xxx.xxx1.
988 208 1046 269 157

52 371 100 432 vel
122 369 270 442 mulieres,
292 367 346 427 nisi
369 367 471 448 quibas
492 379 636 432 menstrua
659 389 817 451 suppressa
835 383 914 451 sunt,
938 381 1047 436 tentant

51 453 150 536 (Apu.
166 452 221 530 Vl,
243 451 299 527 28,
320 451 360 514 29
378 462 406 512 et
420 453 488 532 30).
528 454 583 514 Ubi
607 457 706 516 sentiri
729 467 906 535 coeperunt,
928 460 1045 535 sanguis

50 537 204 598 mittendus
230 544 291 596 est:
326 535 354 596 id
383 539 457 598 enim
483 540 556 598 inter
584 541 661 600 initia
682 543 778 601 statim
800 542 923 617 iactum,
954 560 1046 622 saepe

50 641 189 696 annuam,
212 637 421 698 nonnumquam
443 632 610 701 perpetuam
631 624 823 685 valetudinem
842 625 945 686 bonam
961 644 1045 705 prae·

30 715 117 767 estat.
141 705 261 781 Quidam
278 707 379 781 etiam,
400 723 484 784 quum
498 707 607 766 asinino
623 707 700 768 lacte
713 717 802 788 epoto
815 727 881 768 sese
894 695 1045 785 eluisseirt,

49 795 78 851 in
94 800 265 873 perpetuum
281 787 338 850 hoc
353 789 456 849 malum
472 801 635 851 evaserunt.
657 791 777 867 Quidam
793 810 877 870 quum
892 802 954 854 toto
969 811 1045 854 anno

50 895 66 936 a
81 877 167 951 vino,
188 873 299 949 mulso,
322 891 430 934 venere
445 873 498 934 sibi
514 883 741 953 temperassent,
758 878 942 937 securitatem
957 881 1045 937 totius

51 961 126 1018 vitae
151 957 319 1036 consequuti
342 966 415 1017 sont.
453 957 543 1036 ldque
564 961 662 1038 utique
687 967 753 1038 post
776 962 895 1038 primum
912 961 1045 1020 dolorem

50 1042 223 1103 servandum
244 1049 305 1117 est,
331 1043 441 1101 etiamsi
465 1044 582 1120 quievit.
628 1044 712 1119 Quod
737 1044 843 1119 sijum
865 1044 1045 1105 consuetudo

14 1129 115 1202 'meJ'us
138 1127 215 1186 iacta
238 1135 298 1201 est,
325 1133 423 1205 potest
444 1126 557 1206 quidem
575 1127 677 1206 aliquis
693 1145 759 1188 esse
776 1131 908 1189 securior
923 1131 959 1188 iis
975 1139 1045 1189 tem·

51 1210 189 1292 poribus,
209 1209 310 1287 quibus
332 1209 415 1272 dolor
434 1229 467 1270 sc
488 1213 614 1272 remisit:
635 1214 775 1288 majorem
797 1229 870 1272 vcro
886 1231 983 1274 curam
998 1212 1045 1273 ad·

51 1295 153 1356 bibere
171 1293 257 1354 debet
272 1295 306 1353 iis
322 1295 424 1374 quibus
439 1295 651 1367 id'revertitur;
675 1295 751 1376 quod
769 1297 832 1357 lere
849 1315 920 1358 vere
937 1306 1045 1357 autum-

51 1397 126 1439 nove
142 1379 206 1440 lieri
222 1376 297 1438 solet
314 1378 368 1458 (ci.
385 1377 463 1458 Aple.
481 1379 537 1456 Vl,
552 1381 620 1458 55).
656 1383 748 1456 Quum
763 1397 834 1440 vero
851 1379 937 1442 dolor
951 1390 1045 1459 urget,

51 1482 132 1524 manc
154 1463 263 1540 gestari
284 1461 386 1534 debet;
421 1464 523 1525 deiude
544 1465 613 1524 ferri
636 1467 665 1524 in
687 1465 923 1541 ambulationem,
949 1464 990 1524 ibi
1014 1483 1048 1524 se

23 1549 215 1617 radimovere;
234 1555 262 1606 et
277 1547 302 1606 si
316 1547 447 1626 podagra
463 1558 523 1625 est,
539 1549 717 1627 interpositis
730 1548 907 1627 temporibus
920 1549 1046 1624 exiguis,

52 1634 176 1693 invicem
196 1631 281 1690 modo
303 1632 423 1709 sedere,
448 1633 533 1693 modo
559 1633 687 1710 ingredi;
710 1643 766 1693 tum
785 1642 936 1712 antequam
952 1632 1046 1693 cibum

54 1718 164 1795 capiat,
194 1717 255 1774 sinc
279 1713 383 1776 balneo
404 1717 473 1777 loco
495 1715 588 1777 calido
612 1717 715 1778 leuiter
739 1717 906 1798 perfricari,
929 1716 1045 1793 sudare,

55 1800 185 1880 perfundi
208 1817 281 1878 aqua
303 1800 431 1877 egelido
456 1802 559 1862 deinde
582 1801 673 1862 cibum
696 1819 809 1862 sumere
827 1820 864 1861 en
879 1801 972 1862 media
988 1819 1045 1860 ma-

55 1886 139 1961 teria,
157 1885 335 1962 interpositis
350 1885 437 1945 rebus
452 1889 561 1946 urinam
575 1885 772 1956 inoventibus;
795 1887 967 1965 quotiesque
983 1885 1046 1963 pla·

25 1969 115 2030 iunior
130 1977 190 2045 cst,
209 1985 355 2050 evomere.
384 1969 440 2031 Ubi
456 1970 541 2031 dolor
553 1970 710 2031 vehemens
725 1979 826 2048 urget,
843 1971 965 2030 interest
984 1971 1047 2029 sine

55 2061 164 2112 tumore
186 2053 211 2111 is
235 2054 285 2129 sit,
311 2071 346 2113 an
368 2062 460 2114 tamor
481 2073 544 2115 cum
567 2055 680 2132 calore,
709 2073 744 2115 an
765 2063 858 2114 tumor
877 2055 936 2129 jam
961 2054 1047 2113 etiam

57 2135 235 2197 obcalluerit.
272 2137 344 2196 Nam
364 2139 387 2198 si
404 2147 496 2198 tumor
510 2139 603 2198 nullus
618 2148 678 2215 est,
704 2138 805 2198 calidis
820 2138 1047 2215 fomentisopus

57 2229 106 2280 est.
126 2221 239 2299 Aquam
255 2222 405 2298 marinam,
420 2223 469 2282 vel
483 2223 599 2284 muriam
612 2222 709 2282 doram
721 2221 904 2281 ierueiacere
917 2229 1046 2298 oportet,

58 2303 158 2364 deinde
180 2305 208 2362 in
229 2305 344 2383 pelvem
360 2307 526 2383 conjicere,
550 2316 577 2365 et
592 2325 676 2384 quum
686 2307 745 2381 jam
761 2305 845 2365 homo
863 2305 921 2382 pati
938 2311 1046 2382 potest,

29 2388 144 2468 upedes
164 2387 332 2467 demittere,
357 2408 502 2470 superque
524 2389 630 2468 pallam
650 2390 736 2464 dare,
759 2398 788 2449 et
811 2389 982 2448 vestimento
1004 2395 1046 2444 te-

59 2489 140 2548 gare3
164 2473 300 2551 paulatim
319 2473 424 2534 deinde
441 2475 524 2549 iuxta
545 2473 654 2535 labrum
677 2477 770 2553 ipsum
792 2491 829 2533 ex
850 2470 952 2532 eadem
973 2487 1047 2548 aqua
1138 2492 1151 2506 =

57 2554 157 2618 leniter
179 2557 344 2635 infundere,
370 2577 407 2618 ne
431 2558 512 2618 calor
527 2559 600 2617 intus
616 2558 764 2627 destituam
788 2575 822 2617 ac
838 2555 942 2616 deinde
960 2563 1046 2614 noctu

60 2640 259 2719 cataplasmata
289 2641 488 2702 calefacientia
520 2644 690 2721 imponere,
732 2643 911 2721 maximeque
941 2639 1047 2701 hibisci

28 2797 31 2802 Ι
59 2721 181 2783 radicem
195 2743 233 2784 ex
247 2726 313 2786 vino
329 2735 441 2786 coctam
457 2725 511 2804 (cl.
529 2726 602 2786 Plin.
617 2726 688 2802 XX,
704 2729 740 2802 4,
761 2727 826 2804 14).

32 2826 53 2868 so
117 2807 148 2866 Si
172 2825 243 2868 vero
267 2817 361 2870 tumor
382 2809 519 2888 calorque
536 2819 598 2884 est,
623 2811 737 2871 utiliora
751 2820 815 2870 sunt
831 2807 1046 2884 refrigerantia,

59 2899 192 2970 recteque
215 2894 242 2952 in
250 2911 338 2971 „aqua
353 2911 438 2971 quam
451 2893 635 2971 frigidissima
649 2894 760 2954 articuli
777 2895 970 2957 continentur;
994 2887 1047 2948 sed

60 2991 148 3053 neque
166 2975 309 3054 quotidie,
326 2995 420 3055 neque
434 2977 500 3055 diu,
515 2996 552 3036 ne
570 2979 650 3036 nervi
666 2977 859 3037 indurescant.
894 2972 1046 3050 lmponen·

61 3054 119 3116 dam
141 3077 214 3119 vero
237 3069 282 3119 est
305 3062 480 3140 cataplasma
501 3060 577 3139 quod
599 3061 769 3138 refrigerem
793 3075 888 3136 neque
911 3056 1048 3115 tamenin

61 3138 113 3200 lmc
135 3143 200 3221 ipso
220 3141 266 3202 diu
289 3144 526 3223 permanendum;
550 3144 602 3206 sed
620 3145 655 3204 ad
680 3162 714 3204 ea
730 3141 949 3217 transeundum,
974 3158 1048 3218 quae

34 3225 100 3283 assic
121 3229 290 3305 reprimunt,
315 3237 345 3287 ut
365 3229 520 3288 emolliant.
557 3230 587 3288 Si
601 3229 694 3303 major
710 3236 754 3287 est
769 3226 869 3301 dolor,
892 3224 1048 3304 papaveris

64 3310 182 3370 cortices
202 3313 230 3372 in
251 3313 317 3372 vino
346 3311 505 3390 coquendi,
533 3311 730 3388 miscendique
759 3329 822 3370 cum
849 3318 947 3368 cerato
973 3315 1046 3378 sunt,

65 3393 133 3466 quod
156 3412 193 3453 en
212 3405 279 3455 rosa
299 3396 404 3456 factam
420 3397 470 3456 sit:
496 3395 542 3455 vel
560 3413 645 3454 cerae
660 3403 689 3454 et
705 3393 795 3474 adipis
811 3393 913 3452 suillae
929 3398 1046 3450 tantum·

65 3471 121 3533 dem
138 3495 191 3538 una
208 3479 386 3560 liquandam,
407 3478 510 3540 deinde
525 3479 570 3540 bis
582 3481 677 3540 vinum
691 3478 882 3552 miscendum,
898 3484 983 3554 atque
999 3469 1047 3529 nbi
