2392 3906
140 207 180 268 56
241 194 244 203 '
427 208 827 264 A.0.cuLs1uED101uAn

141 375 257 439 avertit:
275 371 327 432 sed
341 374 368 431 ei
383 371 450 449 ipsi,
467 388 540 449 qnae
556 368 644 442 dolet,
660 382 790 444 quasque
803 361 953 422 liberanda
970 368 1025 427 est.
1052 357 1137 436 Opus

141 461 224 518 etiam
239 475 305 515 esse
324 447 499 514 cucurbitula
514 460 610 531 potest
625 453 654 510 in
669 449 777 509 morbis
792 447 899 523 longis,
917 448 979 504 sive
996 451 1136 521 corrupta

65 595 73 609 ,
140 541 346 616 materiamve
365 541 464 617 spiritu
479 537 553 596 male
572 534 711 600 babente;
736 535 763 592 in
777 533 869 592 acutis
883 547 999 609 quoque
1016 527 1136 607 quibos-

120 617 124 627 ’
141 626 213 700 dam,
229 625 357 703 quamvis
364 625 424 700 Jam
442 631 470 680 et
485 623 518 680 iis
533 621 654 698 s'patiom
670 617 786 694 aliquod
801 615 939 690 accessit,
957 616 981 672 si
997 622 1027 672 et
1041 613 1137 672 levari

141 727 248 788 corpus
266 707 368 782 debet,
392 716 472 766 etex
490 722 563 764 vena
579 703 745 778 sanguinem
764 701 835 760 mitti
850 703 928 758 vires
946 713 1005 756 non
1021 699 1160 776 patino-s

140 803 194 852 tur.
225 791 313 871 ldque
329 791 461 849 auxilium
479 798 507 847 nt
523 789 614 846 minus
630 786 796 861 vehemens,
812 787 851 844 ita
863 783 955 859 magis
967 789 1074 850 tutum;
1087 799 1137 840 ne·

141 895 196 955 que
215 893 346 954 umquam
364 873 557 952 periculosum
573 881 626 946 est,
642 871 751 930 etiarnsi
767 871 795 928 in
805 867 900 927 medio
913 864 1004 925 febris
1014 867 1138 944 impetu,

140 964 249 1020 etiamsi
271 963 298 1018 in
315 952 627 1018 cruditate'adhibetur.
656 954 784 1031 Ideoque
805 951 855 1012 ubi
874 951 1041 1027 sanguinem
1064 951 1139 1008 mitti

141 1061 214 1123 opus
235 1051 293 1118 est,
316 1043 341 1100 si
364 1042 454 1101 incisa
475 1058 548 1100 rena
572 1056 717 1119 praeceps
738 1035 895 1115 periculum
915 1042 974 1107 est,
999 1042 1047 1094 ant
1068 1035 1139 1092 siin

84 1177 91 1202 ,
140 1137 222 1206 parte
245 1128 378 1203 corporis
402 1127 485 1184 etiam
507 1125 604 1183 vitium
628 1131 687 1199 est,
710 1121 766 1181 huc
789 1121 887 1199 potius
909 1117 1138 1194 confugiendum
1148 1140 1167 1180 ru

140 1220 198 1269 est:
215 1228 299 1286 quum
314 1226 350 1267 ec
365 1219 470 1285 tamen,
487 1217 517 1266 nt
531 1209 665 1281 sciamus,
683 1206 730 1266 hic
745 1213 775 1264 ut
788 1204 894 1264 nullum
907 1203 1082 1281 periculum,
1099 1202 1139 1260 ita

139 1294 232 1353 levius
245 1293 417 1371 praesidium
433 1311 515 1360 esse;
532 1307 587 1350 nec
598 1307 688 1367 posse
699 1288 860 1348 vehementi
874 1285 958 1362 malo,
975 1289 1029 1345 nisi
1042 1304 1138 1364 acque

139 1377 296 1436 vehemens
310 1377 443 1437 auxilium
457 1392 629 1435 succurrere
648 1372 743 1452 (Apu.
758 1372 783 1449 l,
799 1371 834 1456 6)

486 1612 669 1674 CAPUT
695 1611 792 1670 XII.

535 1726 571 1775 lte
587 1726 732 1789 dejectione.
1044 1777 1053 1790 ,
1148 1741 1167 1779 tc

204 1885 231 1938 1.
258 1878 458 1953 Dejectionem
480 1887 573 1938 antem
593 1876 698 1954 antiqui
714 1870 800 1938 uariis
822 1872 1054 1948 medicamentis,
1075 1889 1137 1930 cre·

138 1962 247 2040 braque
266 1963 322 2022 alvi
337 1961 471 2021 ductione
493 1963 521 2020 in
536 1960 667 2020 omnibus
683 1978 776 2039 paene
797 1959 907 2021 morbis
927 1955 1136 2015 moliebantur:

138 2045 301 2125 dabantque
323 2053 370 2105 aut
391 2043 675 2122 nigrum‘veratrum
693 2053 739 2104 aut
754 2043 904 2118 filiculam,
928 2049 975 2100 aut
990 2056 1138 2118 squamam

139 2132 230 2206 aeris,
254 2147 337 2209 quam
359 2126 477 2190 λεπίδα
503 2125 629 2208 χαλκοῦ
650 2129 752 2193 Graeci
777 2134 898 2192 vocant;
929 2133 976 2185 aut
1003 2124 1138 2182 lactucae

137 2216 264 2274 marinae
282 2214 338 2290 lac,
357 2215 437 2288 cujus
452 2223 531 2291 gutta
547 2215 612 2292 pani
627 2213 740 2288 adjecta
757 2211 868 2272 abunde
883 2216 1002 2289 purgem
1023 2216 1076 2278 aut
1090 2207 1136 2266 lac
1146 2229 1167 2268 :c

139 2299 187 2357 vel
203 2300 351 2373 asininum,
366 2298 414 2357 vel
430 2296 575 2374 bubulum,
594 2298 640 2356 vel
656 2300 815 2375 caprinum;
833 2298 917 2374 eique
933 2293 1002 2354 salis
1019 2291 1139 2371 paulum

139 2383 320 2458 adjiciebant,
335 2382 594 2461 decoquebantque
609 2381 648 2457 id,
663 2390 693 2439 et
707 2381 825 2440 sublatis
839 2383 888 2456 iis,
906 2397 980 2457 quae
996 2379 1137 2452 coierant,

139 2465 217 2541 quod
238 2467 318 2542 quasi
334 2485 429 2526 serum
445 2460 613 2543 supererat,
635 2464 736 2522 bibere
753 2462 913 2539 cogebant;
936 2461 987 2521 sed
1010 2461 1137 2520 medica·

138 2555 232 2606 menta
255 2548 431 2608 stomachum
452 2549 514 2608 lere
536 2548 660 2608 laedunt.
689 2546 781 2606 Alvus
804 2549 827 2606 si
844 2548 1041 2607 vehementius
1063 2545 1137 2618 fluit,

138 2639 185 2690 aut
200 2631 314 2707 saepius
331 2629 452 2706 ducitur,
469 2631 611 2688 bominem
625 2631 756 2690 infirmat.
786 2630 867 2708 Ergo
883 2649 1033 2708 numquam
1045 2632 1073 2688 in
1087 2629 1166 2690 ad-as

137 2729 224 2772 versa
245 2712 407 2771 valetudine
428 2712 665 2772 medicamentum
689 2715 752 2787 ejus
773 2718 815 2774 rei
838 2733 924 2776 causa
945 2723 1025 2772 recte
1042 2713 1137 2786 datur,

137 2799 191 2856 nisi
213 2795 260 2855 ubi
281 2797 306 2854 is
322 2795 439 2855 morbus
456 2796 518 2856 sine
533 2795 616 2856 febre
632 2806 691 2866 est;
715 2807 744 2856 ut
762 2814 845 2874 quum
864 2806 1007 2857 veratrum
1022 2799 1139 2872 nigrum

1 2861 3 2864 ι
96 2908 97 2911 “
139 2891 185 2942 aut
199 2889 260 2940 atra
275 2879 332 2939 bile
350 2881 472 2954 vexatis,
489 2889 536 2939 aut
559 2885 619 2940 cum
653 2884 766 2942 tristitia
782 2880 1004 2955 insanientibus,
1026 2889 1075 2938 aut
1091 2879 1138 2955 iis,

139 2983 259 3043 quorum
274 2965 355 3023 nervi
371 2971 453 3042 parte
466 2963 561 3043 aliqua
574 2964 693 3024 resoluti
706 2976 780 3040 sunt,
798 2967 888 3027 datur.
923 2965 963 3025 Ac
975 2965 1022 3024 ubi
1035 2963 1138 3023 febres

138 3057 215 3124 sunt,
237 3051 325 3108 satius
346 3057 391 3107 est
413 3048 475 3123 ejus
494 3050 537 3108 rei
553 3067 638 3110 causa
658 3051 739 3110 cibos
757 3052 952 3132 potionesque
972 3063 1168 3123 assumere‚cc

137 3133 184 3208 qni
200 3132 281 3192 simul
298 3141 327 3191 et
344 3132 434 3208 alant,
453 3141 482 3192 et
496 3143 625 3194 ventrem
641 3136 779 3196 molliant.
812 3137 938 3214 Suntque
956 3127 1135 3194 'valetudinis

136 3231 262 3291 genera,
276 3215 378 3294 quibus
393 3235 431 3276 ex
447 3217 522 3276 lacte
539 3220 672 3295 purgatio
689 3222 832 3279 convenit.

191 3300 225 3370 2.
247 3299 418 3376 Plerumque
440 3317 511 3360 vero
537 3301 618 3360 alvus
640 3303 741 3380 potius,
756 3301 886 3363 ducenda
906 3311 966 3362 est:
996 3302 1076 3380 quod
1099 3301 1135 3362 ab

136 3381 312 3460 Asclepiade
334 3400 450 3461 quoque
474 3385 517 3443 sic
537 3394 742 3462 temperatum,
764 3395 793 3445 ut
815 3397 909 3446 tamen
924 3396 1070 3446 servatum
1088 3387 1134 3461 sit,

136 3466 221 3526 video
243 3465 412 3546 plerumque
437 3468 556 3528 saeculo
577 3478 677 3529 nostro
700 3472 860 3548 praeteriri.
896 3470 948 3530 Est
978 3467 1073 3530 anterii
1100 3477 1163 3530 ea³⁵
