2392 3906
391 173 696 248 urs.1v.cae.x11'.
943 253 946 260 ,
980 188 1039 250 137

21 350 184 412 desinere
206 350 244 412 ali
266 368 388 429 corpus,
411 369 445 412 ac
458 354 501 412 sic
516 352 584 413 tabe
600 355 738 414 consumi.
775 354 847 416 Huic
863 357 964 432 generi
981 357 1039 416 iuu-

21 436 206 495 tilissimum
228 435 360 496 balneum
380 445 439 504 cst;
467 436 625 513 lectiones,
650 440 932 517 exercitationesque
954 458 1039 518 supc-
1077 461 1082 470 ·

21 520 130 578 rioris
155 520 243 597 partis
260 520 461 587 necessariae;
486 523 552 580 item
570 523 719 582 unctiones
734 522 953 601 frictionesque.
989 523 1040 584 llis

24 602 182 681 perfundi
203 602 323 679 irigida,
348 612 434 680 atque
450 605 478 662 in
494 605 594 664 eadem
611 614 723 674 natarc;
746 606 894 666 conalibus
910 608 1040 684 ejusdem

0 732 4 745 ,
26 683 196 762 subjicere
210 696 239 745 et
257 687 434 748 stomachum
449 689 560 766 ipsum,
580 699 609 748 et
627 692 719 766 magis
735 691 819 750 etism
837 708 853 749 s
870 691 996 768 scapulis
1013 690 1039 751 id

25 771 123 848 quod
150 779 248 829 contra
267 770 445 831 stomachum
468 781 526 839 cst;
550 776 712 834 consistere
734 773 762 832 in
783 773 895 849 frigidis
916 774 1039 838 medica-

26 857 142 932 tisque
169 853 311 929 lontibus,
341 855 442 932 quales
467 855 632 916 Cutiliarum
659 856 940 936 Simbruinarumque
966 867 1040 933 sunt,

28 938 176 998 salutare
191 947 245 998 est.
276 936 338 998 Cibi
357 956 473 1018 quoque
489 941 652 1002 assumendi
667 951 733 1002 sunt
747 936 859 1018 frigidi,
878 943 926 1020 qui
942 941 1039 1020 potius

28 1021 202 1082 difficulter
219 1032 453 1100 concoquuntur,
470 1041 555 1100 quem
572 1024 659 1084 facile
677 1027 820 1086 vitiantur.
852 1024 933 1102 Ergo
951 1025 1039 1104 pleri·

2 1123 119 1184 oque,
150 1107 198 1182 qui
220 1105 289 1164 nihil
310 1105 387 1166 aliud
409 1123 592 1185 concoquere
617 1118 753 1187 possunt,
777 1108 912 1170 bubulam
933 1125 1039 1169 conco·
1124 1131 1127 1138 ·

29 1196 145 1268 quunt.
169 1187 282 1267 Exque
295 1189 394 1267 colligi
407 1200 514 1268 potest,
530 1209 624 1271 neque
637 1212 729 1270 avem,
743 1211 836 1272 neque
848 1195 1039 1266 venationem,

30 1290 142 1350 neque
167 1274 277 1351 piscem
304 1274 366 1333 duri
389 1274 516 1351 debere,
549 1279 604 1335 nisi
632 1280 750 1355 generis
780 1279 914 1338 durioris.
958 1277 1041 1337 Potui

32 1357 164 1436 quidem
177 1359 357 1436 aptissimum
376 1367 421 1418 εει
435 1361 529 1419 vinum
544 1361 694 1438 frigidum,
717 1362 765 1422 vel
782 1371 863 1422 certe
879 1362 954 1421 bene
970 1360 1039 1420 celi·

33 1443 130 1515 dum,
160 1459 320 1518 meracum,
353 1443 532 1519 potissimum
556 1445 713 1521 rheticum,
744 1447 792 1506 vel
818 1445 1039 1522 allobrogicum‚

8 1525 184 1601 saliudve,
207 1526 285 1604 quod
307 1536 336 1585 et
351 1535 496 1588 austerum
513 1537 542 1586 et
558 1530 651 1588 resina
667 1531 811 1590 conditum
827 1530 877 1597 sit;
898 1530 923 1588 si
940 1527 968 1588 id
984 1544 1040 1586 non

35 1619 108 1684 εει,
135 1627 219 1687 quam
235 1611 439 1688 asperrimum,
459 1614 639 1690 maximeque
657 1615 808 1690 signinum.
842 1614 872 1672 Si
889 1611 969 1676 cibus
984 1628 1041 1670 non

36 1694 227 1769 continetur,
251 1694 344 1754 danda
365 1713 454 1772 aqua,
480 1705 511 1754 et
532 1696 693 1756 eliciendus
715 1697 829 1776 plenior
843 1699 966 1756 vomitus
983 1704 1040 1770 est,

35 1780 207 1854 iterumque
228 1777 336 1838 dandus
358 1777 454 1848 cibus;
485 1789 513 1838 et
537 1789 594 1839 tum
615 1781 810 1842 admouendae
834 1781 944 1842 duobus
968 1780 1040 1840 inira

36 1861 225 1921 stomachum
251 1861 347 1938 digitis
374 1862 587 1940 cucurbitulae,
615 1865 713 1943 ibique
739 1865 848 1926 duabus
876 1875 923 1926 aut
950 1863 1041 1922 tribus

15 1947 126 2007 choris
154 1947 345 2007 continendae
367 1957 439 2006 sunt.
481 1949 511 2008 Si
532 1949 616 2008 simul
638 1958 667 2009 et
687 1951 810 2009 vomitus
831 1957 859 2010 ct
880 1949 964 2010 dolor
985 1956 1040 2020 εει,

39 2029 220 2107 imponenda
243 2049 328 2110 supra
353 2031 529 2092 stomachum
551 2041 596 2092 est
614 2033 677 2093 lana
695 2034 827 2109 succida,
854 2033 901 2094 vel
920 2032 1040 2110 spongia

41 2133 83 2173 ex
101 2120 205 2188 aceto,
224 2114 271 2173 vel
288 2114 478 2192 cataplasma,
493 2115 569 2194 quod
582 2117 754 2194 refrigeret:
774 2117 956 2195 perfricanda
969 2130 1041 2174 vero

40 2215 105 2256 nou
127 2195 191 2272 diu,
214 2197 266 2258 sed
286 2198 474 2258 vehementer
487 2199 605 2259 brachia
621 2209 649 2259 ει
665 2219 763 2276 crura,
789 2209 816 2259 et
833 2198 1039 2260 calefacienda.

41 2282 77 2341 Si
95 2280 161 2358 plus
176 2280 285 2340 doloris
302 2291 363 2357 est,
382 2283 453 2342 inira
473 2283 643 2360 praecordia
659 2295 782 2363 quatuor
796 2285 892 2360 digitis
910 2280 1040 2342 cucurbi-

6 2365 108 2426 astula
126 2364 259 2423 utendum
276 2374 334 2433 cst;
359 2375 386 2425 et
401 2369 530 2444 protinus
546 2368 654 2428 dendus
676 2371 756 2446 panis
770 2386 806 2427 cx
820 2385 910 2445 pusca
922 2365 1039 2442 frigida:

44 2451 70 2508 si
89 2465 147 2506 non
164 2449 318 2523 continuit,
336 2459 403 2527 post
419 2453 554 2512 vomitum
571 2451 638 2512 leve
653 2452 761 2530 aliquid
777 2470 814 2511 ex
829 2453 878 2529 iis,
895 2469 969 2529 quae
985 2465 1041 2508 non

45 2533 143 2593 aliena
165 2532 314 2592 stomacho
333 2535 405 2594 siut:
428 2536 451 2593 si
469 2554 504 2594 ne
522 2536 549 2595 id
566 2536 679 2614 quidem
694 2537 801 2612 tenuit,
824 2535 928 2614 singuli
946 2533 1041 2609 cyathi

44 2617 123 2693 vini,
144 2616 264 2693 siugulis
287 2619 465 2696 interpositis
479 2620 576 2697 horis,
599 2621 694 2680 donec
711 2620 875 2681 stomachus
893 2621 1040 2696 consistat,

45 2699 160 2760 Valens
176 2701 261 2761 etiarn
278 2702 515 2763 medicamentum
531 2714 576 2762 εει
587 2704 733 2765 radiculae
747 2723 866 2766 succus:
888 2703 1040 2774 valentius,

13 2803 37 2844 ει
48 2785 125 2846 acidi
143 2785 239 2863 punici
256 2785 338 2860 muli,
355 2804 416 2846 cum
435 2789 595 2865 parimodo
615 2791 710 2866 succi,
727 2791 774 2868 qui
791 2807 829 2848 ex
844 2788 921 2850 dulci
937 2787 1041 2864 punico

46 2869 125 2928 malo
142 2878 201 2943 est,
225 2869 340 2945 adjecto
358 2872 442 2932 etiam
458 2872 547 2931 intubi
562 2889 672 2948 succo,
696 2883 725 2932 et
744 2882 873 2950 mentae,
891 2871 942 2930 sed
959 2869 1041 2944 hujus

46 2946 161 3012 mhriura
187 2946 282 3031 'partm
308 2954 411 3032 quibus
432 2957 620 3032 tantumdem,
644 2966 777 3034 quantum
800 2957 829 3014 in
848 2955 893 3014 his
911 2951 1041 3013 omnibus

50 3047 113 3111 est,
141 3054 233 3113 aquae
254 3037 377 3114 frigidae
399 3057 483 3116 quarn
510 3042 634 3119 optimae
654 3041 805 3108 miscetur;
833 3039 861 3098 id
883 3039 957 3098 enim
978 3036 1042 3114 plus

51 3138 135 3200 qnam
156 3122 249 3180 vinum
273 3122 309 3180 ad
326 3125 568 3200 comprimendum
585 3124 761 3184 stomachum
780 3131 886 3202 potest.
922 3122 1041 3200 Suppri-

18 3223 43 3264 cs
53 3205 171 3264 meudus
187 3214 280 3264 autem
295 3208 418 3266 vomitus
435 3217 495 3280 est,
513 3209 560 3285 qui
578 3227 631 3287 per
645 3209 779 3288 conenit,
792 3209 854 3269 etsi
867 3224 974 3266 nausea
988 3213 1040 3264 est.

53 3289 110 3349 Sed
131 3289 154 3346 si
177 3289 289 3348 coacuit
312 3291 385 3350 intus
404 3291 501 3366 cibus,
525 3301 572 3351 aut
589 3294 776 3370 computruit,
801 3308 920 3371 quorum
938 3299 1042 3349 utrum·
1086 3299 1089 3304 '

53 3373 122 3432 libet
141 3381 239 3431 ructus
259 3375 400 3449 ostendit,
427 3374 585 3451 ejiciendus
601 3386 659 3442 cst;
684 3379 887 3454 protinusque,
909 3374 981 3434 cibis
997 3390 1040 3430 as·

55 3457 149 3518 sumtis
164 3456 282 3534 iisdem,
305 3475 379 3538 quos
396 3461 527 3538 proxime
544 3461 643 3538 posui,
659 3461 824 3521 stomachus
838 3456 1039 3520 restituendus.
