2384 3896
145 187 202 246 172
435 198 467 246 Δ.
482 196 512 246 0.
529 197 628 246 cnoel
642 197 836 248 sansoniae

4 367 8 382 ¹
143 360 252 431 partem
269 352 396 427 tertiam,
411 351 481 412 salis
496 360 595 432 partes
610 352 682 414 duas
696 351 854 427 miscebat,
871 350 977 430 umque
992 349 1138 412 nuenbre-

141 436 234 496 nulam
260 434 359 495 illitam
381 433 560 513 imponebam
588 445 645 496 tum
667 435 905 515 superinjiciebat
925 435 1140 502 ammoniacum

142 519 291 595 thymiama
306 519 334 578 in
347 527 433 580 aceto
446 518 593 596 liquatum.

204 603 255 668 35.
283 602 322 662 At
335 601 491 662 Numenius
507 601 681 679 podagram,
705 610 880 680 ceterosque
897 601 1045 663 articulos
1062 599 1142 658 lndu·

141 696 220 748 ratos
241 685 298 747 hoe
318 684 480 747 molliebat:
504 683 654 762 abrotoni,
675 703 761 746 rosae
781 685 893 761 aridae,
918 685 1089 764 papaveris
1105 681 1124 742 l

143 772 257 845 crimus,
271 769 448 846 singulorum
461 785 489 847 p.
501 769 555 847 )·(.
567 781 618 830 111.
630 770 745 831 resinae
756 768 965 830 terebinthinae
978 785 1011 845 p.
1025 768 1144 846 )-(.1v

141 856 223 929 turis,
235 869 353 931 spumae
361 852 436 927 nitri,
449 851 626 928 singulorum
635 852 907 932 p.)·(.u111.irldis‚
916 848 1142 926 aristolochiae

143 937 320 1014 singulorum
340 954 368 1014 p.
384 934 438 1014 )·(.
457 948 518 994 xit.
544 951 631 996 cerae
654 954 683 1014 p.
697 949 748 997 111.
773 935 875 1014 quibus
894 935 1037 1011 adjicitur
1061 933 1143 1023 cessi

143 1019 262 1095 cyathus
284 1036 372 1092 unus,
396 1018 454 1080 olel
468 1018 560 1080 laurei
576 1018 670 1094 cyathi
684 1028 760 1095 tres,
785 1019 845 1080 olei
860 1019 960 1080 acerbi
979 1017 1141 1091 sextarius

205 1103 255 1166 36.
282 1103 312 1162 Si
327 1099 441 1178 quando
454 1111 548 1162 autem
563 1103 590 1163 io
605 1103 733 1165 articulis
750 1102 842 1163 callus
860 1103 1001 1178 increvit,
1028 1100 1168 1165 lucrosa

142 1186 239 1246 docuit
259 1187 410 1263 imponere
430 1185 699 1265 calcisp.)-(.1v.
722 1203 860 1248 cerussae
875 1204 902 1266 p.
918 1187 975 1266 )·(.
993 1197 1079 1244 vm.
1097 1198 1147 1255 re

142 1267 223 1330 sinae
249 1267 353 1347 pineae
373 1275 407 1347 p.
428 1271 485 1348 )·(.
505 1282 564 1330 xx.
593 1271 703 1349 piperis
726 1286 817 1347 grana
839 1283 920 1330 xxx.
944 1286 1041 1329 cerae
1065 1285 1101 1346 p.
1121 1285 1143 1326 n.

128 1351 262 1430 ¹quibus,
277 1352 343 1413 dum
360 1352 586 1429 contunduntur,
601 1352 713 1414 hemina
727 1354 786 1414 vini
800 1353 875 1414 lenis
889 1352 1064 1414 instillatur.

472 1518 655 1583 CAPUT
690 1521 802 1582 XIX.
862 1557 866 1565 ,

522 1635 559 1686 De
580 1633 739 1701 Emplastris·
1151 1643 1167 1681 ut

202 1769 249 1832 Ex
276 1771 440 1849 emplastris
470 1780 563 1833 autem
588 1770 666 1832 nulla
694 1772 833 1847 majorem
862 1787 944 1832 usum
971 1781 1142 1851 praestant,

144 1869 227 1933 quam
248 1871 322 1932 quae
345 1855 470 1916 cruentis
494 1857 623 1934 protinus
637 1853 993 1930 vulneribusinjiciuntur:
1014 1854 1143 1934 ἔναιμα

144 1938 247 2008 Graeci
269 1947 383 2000 uocant.
420 1937 500 2000 llaec
521 1940 595 2000 enim
618 1941 776 2019 reprimunt
790 1938 1065 2018 inflammationem,
1089 1940 1142 2000 nisi

142 2038 246 2099 magna
266 2022 309 2082 vis
327 2041 389 2084 eam
410 2025 503 2100 cogit,
525 2032 611 2101 atque
625 2023 701 2082 illius
716 2040 831 2101 quoque
846 2025 982 2100 impeturn
995 2025 1141 2097 minuunt

142 2115 201 2167 tum
221 2105 359 2180 glutinant
380 2105 498 2167 uulnera
519 2123 593 2184 qnae
615 2106 644 2166 id
664 2109 825 2186 patiuntur,
850 2107 1015 2167 cicatricem
1034 2107 1167 2170 iisdema

142 2189 287 2250 inducunt.
321 2189 459 2251 Constant
481 2198 575 2256 auteur
596 2209 634 2250 ex
654 2191 868 2251 medicamentis
888 2207 946 2250 non
961 2191 1140 2270 pinguibus:

143 2274 268 2351 ideoque
291 2275 427 2355 alipenae
456 2275 635 2334 nominantur
649 2273 728 2351 (Gal.
746 2273 780 2334 S.
799 2272 835 2333 d.
852 2273 884 2349 l,
903 2275 968 2354 15).
1054 2301 1059 2308 ·

205 2359 231 2416 l.
260 2356 403 2435 Optimum
420 2375 458 2418 ex
474 2357 519 2418 liis
533 2366 592 2434 est,
615 2358 693 2434 quod
707 2357 859 2418 barbarum
875 2367 1003 2418 vocatur.
1041 2357 1142 2420 Habet

142 2440 287 2516 aeruginis
302 2460 386 2503 rasae
405 2461 433 2521 p.
450 2441 506 2521 )·(.
522 2455 582 2502 ΧΠ.
606 2443 852 2520 spumaeargenti
869 2459 897 2520 p.
914 2441 969 2518 )·(.
986 2454 1052 2500 xx.
1079 2443 1140 2502 ala·

142 2523 235 2598 minis,
250 2524 321 2601 picis
333 2526 440 2601 aridae,
452 2526 566 2584 resinae
579 2526 682 2603 pineae
695 2525 802 2602 aridae,
816 2524 991 2601 singulorum
1004 2543 1035 2602 p.
1046 2526 1165 2605 )·-(.1.a

141 2604 245 2684 quibus
260 2605 431 2682 adjiciuntur
446 2609 505 2668 olei
519 2617 548 2668 et
563 2609 637 2670 aceti
652 2607 782 2686 singulae
796 2608 927 2669 heminae
944 2607 1024 2686 (Gal.
1045 2608 1084 2672 S.
1102 2608 1138 2670 θ.

142 2685 187 2764 ΙΙ,
205 2688 264 2766 22,
280 2696 302 2749 t.
317 2691 401 2768 xnl,
420 2709 449 2769 p.
466 2693 555 2770 556).
1045 2713 1050 2722 ·

205 2771 234 2832 2.
264 2771 395 2836 Alterum
415 2774 450 2834 ad
468 2773 559 2850 idem,
582 2776 660 2854 quod
680 2765 943 2852 xmaxdvvocant,
957 2774 1050 2836 habet
1068 2793 1138 2858 spn-

142 2874 205 2917 mae
221 2851 333 2934 argenti
348 2877 376 2938 p.
393 2858 447 2938 )·(.
464 2871 494 2920 c.
517 2861 631 2920 resinae
648 2859 744 2920 aridae
759 2861 943 2920 tantumdem:
963 2858 1014 2920 sed
1029 2878 1138 2940 spuma

142 2941 222 3019 prius
237 2959 274 3002 ex
291 2942 380 3004 tribus
397 2942 454 3004 olei
471 2942 592 3004 lreminis
607 2945 748 3021 coquitur.
770 2943 821 3004 llis
839 2943 951 3004 duobus
965 2942 1165 3021 emplastrisa

143 3025 227 3085 color
248 3028 330 3104 niger
354 3036 415 3104 est,
438 3027 487 3104 qui
506 3027 570 3087 fere
591 3027 657 3086 talis
677 3028 708 3087 lit
732 3045 769 3088 ex
784 3028 852 3106 pice
865 3036 951 3106 atque
964 3029 1082 3088 resina:
1109 3031 1138 3091 el

143 3106 337 3204 ⁰l.b.⁵‘⁸¹“¹¹¹¹⁰
362 3111 547 3188 nigerrimum
581 3127 620 3170 ex
644 3111 799 3187 aerugine,
827 3120 874 3172 aut
898 3111 975 3172 aeris
1000 3127 1159 3190 squama,

26 3217 30 3224 ·
144 3189 256 3259 urrid1s3
280 3210 317 3252 ex
331 3211 416 3254 mrnro
432 3193 534 3262 ruber;
553 3211 591 3254 ex
607 3211 725 3253 cerussa
741 3193 833 3254 albus.

205 3271 234 3333 3.
262 3273 374 3335 Paucae
396 3276 546 3336 admodum
570 3277 798 3355 compositiones
812 3287 892 3355 sunt,
915 3277 1065 3356 inquibus
1083 3279 1134 3340 ali·

144 3354 211 3434 quid
233 3357 372 3418 mixturae
388 3361 514 3420 varietas
534 3369 632 3421 novat.
668 3359 748 3436 llrgo
768 3360 796 3420 id
817 3379 933 3440 quoque
948 3363 1062 3439 nigrum
1077 3371 1162 3438 estas

143 3439 221 3517 quoa
235 3434 411 3520 βασιλικόν
424 3427 584 3504 nominatur
600 3443 656 3522 (a.
675 3443 737 3504 aar.
754 3444 788 3506 s.
807 3443 841 3506 r..
858 3444 945 3522 viru,
960 3446 1006 3525 s).
1035 3445 1133 3507 ursei
