2444 3904
152 217 214 265 xvt
480 210 684 258 ADNOTATIO
706 207 854 258 elumen.

153 379 281 430 aestatem
298 379 387 438 terra,
407 369 493 425 bieme
506 369 604 423 durum
618 367 711 425 cubile.
729 397 770 408 —
790 367 882 423 Verba
900 367 948 421 illa
966 365 1073 436 inepta:
1095 365 1191 419 lectus

153 495 226 515 .....
244 457 329 510 bieme
351 455 418 510 licet
439 458 567 524 suspecta
589 450 715 505 habuerit
733 451 838 521 Targa,
859 451 886 503 in
902 456 1004 504 textum
1027 455 1115 503 tamen
1135 464 1187 502 re-

154 539 243 611 cepit;
266 540 362 604 lectus,
379 544 454 591 terra
469 541 497 589 et
512 533 598 587 bieme
617 533 645 587 in
660 533 740 588 codd.
756 535 817 588 Vat.
829 533 892 587 Vlll
909 538 937 586 et
954 532 1023 585 bled.
1040 532 1051 585 l
1073 531 1186 586 recenti

154 639 232 678 rnanu
249 623 342 677 addita
357 626 427 676 sunt.
457 618 486 671 ln
503 617 565 673 cod.
577 621 647 674 7028
663 611 725 686 (ubi
742 618 796 670 hoc
810 617 956 670 membrum
972 614 1015 668 bis
1030 614 1186 685 reperitur,

154 707 192 762 to.
209 711 242 764 14
260 712 289 760 et
304 705 368 776 145)
386 700 487 769 legitur
562 701 604 756 uel
616 699 710 769 tenpus
721 713 776 769 per
791 693 927 753 aestatem.
958 697 1066 752 Durum
1082 697 1185 754 cubile.

153 789 231 845 Unde
250 793 365 860 apparet
380 784 518 852 glossema
529 797 583 852 per
598 788 725 836 aestatem
743 782 777 836 ad
793 798 889 860 vocem
902 796 1013 836 somnus
1027 779 1186 850 pertinere,

153 872 238 942 idque
260 867 453 939 comprobatur
476 866 557 920 codd.
576 867 634 920 Vat.
651 865 713 919 vtll
733 872 761 918 ct
780 865 852 920 bled.
870 865 891 919 1.
909 894 950 904 -
977 863 1057 934 Apud
1074 862 1185 933 ilippo-

154 961 267 1020 cratem,
284 952 354 1008 unde
369 949 416 1004 hic
426 949 505 1004 locus
521 949 666 1004 manifeste
679 949 838 1019 desumptus
855 955 908 1017 est,
924 947 1095 1002 solummodo
1107 945 1186 1014 legi-

153 1045 212 1103 tur:
237 1025 478 1106 actppouotre'ew.
515 1031 667 1088 Coutcxtus
688 1031 808 1101 denique
823 1031 993 1086 demonstrat
1007 1030 1052 1086 hic
1070 1028 1187 1084 Celsum

153 1119 254 1174 nullam
280 1115 485 1172 distinctionem
513 1113 585 1168 inter
612 1121 744 1169 aestatem
771 1120 799 1168 et
821 1115 938 1168 hiemem
964 1115 991 1168 in
1018 1113 1109 1169 auimo
1131 1113 1186 1168 ha·

152 1201 258 1260 baisse.
344 1203 434 1268 leui
457 1197 605 1268 persripidi
626 1199 706 1254 codd.
724 1213 818 1253 ornnes
842 1214 912 1268 quos
933 1198 1022 1266 Targa
1046 1195 1184 1267 inspexit.

152 1284 212 1354 Ego
237 1300 306 1339 vero
333 1281 499 1339 auctoritate
526 1287 666 1352 permotus
692 1282 753 1336 cod.
777 1280 862 1338 Paris.
884 1287 954 1340 7028
982 1280 1029 1334 ubi
1048 1278 1186 1350 praefri-

151 1368 209 1440 pidi
228 1367 383 1438 reperitur,
407 1373 434 1420 et
455 1365 529 1420 Celsi
554 1365 642 1436 ipsius
665 1365 776 1434 quibis
798 1381 868 1420 voce
887 1363 1078 1436 praetrepidus
1093 1364 1186 1418 utitur

152 1449 287 1526 (p-lt‚4;
300 1444 426 1521 136,26),
439 1449 608 1520 praefripidi
621 1449 683 1503 loeo
698 1448 847 1519 perscipidi
862 1448 967 1520 recepi.
995 1447 1185 1519 Hippocrates

153 1532 227 1610 (laco
249 1537 277 1589 in
298 1541 372 1588 textu
393 1530 481 1607 laud.)
500 1519 540 1605 μὴ
561 1520 675 1603 σφόδρα
696 1521 812 1604 ψυχρόν
833 1534 956 1588 exhibet.
1046 1536 1122 1600 tuo
1144 1531 1186 1586 ad

153 1623 239 1676 cutem
251 1618 356 1672 tonderi
365 1616 493 1687 [utileque
504 1619 597 1671 lunam
610 1618 710 1684 citare,
726 1618 899 1686 maximeque
914 1621 977 1670 ante
992 1617 1081 1685 ipsum
1097 1615 1184 1668 lutiae

152 1705 270 1774 satisque
280 1703 421 1770 occasum]
432 1700 483 1754 sed
492 1717 639 1771 numquam
650 1705 716 1769 post
726 1700 821 1767 ubam,
835 1700 984 1769 'large-
995 1699 1086 1776 Verba
1100 1698 1184 1752 uncis

152 1787 262 1842 seclusa
274 1783 461 1840 deliramentis
474 1783 644 1852 astrologiae
656 1784 774 1852 referta,
794 1784 827 1838 ab
843 1783 936 1854 utiquo
950 1782 1041 1838 sciolo
1059 1782 1091 1837 ad
1107 1798 1183 1836 mar-

153 1869 245 1941 ginem
261 1867 355 1938 inepte
371 1867 489 1938 scripta,
506 1865 626 1937 ineptius
641 1866 668 1920 iu
684 1873 786 1922 textum
803 1884 817 1921 a
833 1866 956 1922 librariis
971 1871 1084 1936 recepta
1101 1871 1182 1929 sunt;
1216 1887 1218 1892 ·

153 1959 181 2008 et
201 1968 281 2023 quum
296 1951 444 2006 membrum
459 1951 513 2004 hoc
528 1948 672 2004 insititium
688 1950 758 2005 miro
776 1951 857 2006 modo
873 1945 1096 2006 consecutionem
1115 1965 1182 2004 ver-

152 2036 249 2092 borum
279 2036 391 2090 turbare
416 2033 575 2103 videretur,
604 2049 699 2088 manus
726 2039 770 2088 sat
799 2033 909 2104 antique
938 2033 965 2090 iu
993 2032 1054 2088 cod.
1075 2032 1146 2087 tiled.
1169 2032 1182 2088 1

153 2120 266 2174 verbum
283 2117 418 2189 propredi
438 2117 544 2174 addidit
566 2123 630 2188 post
650 2117 753 2172 aburat
837 2123 882 2187 23,
897 2123 930 2176 26
951 2117 1040 2170 omnia
1064 2117 1182 2186 &nique

152 2203 248 2256 deiude
266 2200 364 2273 supere
381 2216 451 2272 quoe
467 2201 546 2256 tarde
565 2208 778 2274 concoquuntur.
815 2201 854 2257 lta
878 2200 980 2270 legitur
1001 2199 1029 2254 iu
1052 2199 1180 2254 omnbus

125 2311 130 2321 ·
152 2285 233 2342 libris
258 2292 286 2340 et
305 2302 384 2342 manu
405 2285 533 2358 scriptis,
558 2291 586 2340 et
607 2285 681 2356 typis
706 2284 855 2347 mendatis;
885 2285 999 2354 denique
1015 2298 1067 2353 pro
1083 2283 1180 2336 debete

153 2376 182 2423 et
200 2385 308 2424 sumere
327 2385 379 2441 pro
395 2368 494 2441 supere
509 2368 656 2434 Lindenius
674 2375 752 2422 recte
773 2366 850 2436 legit.
887 2367 945 2424 Hoc
963 2367 1110 2422 membrum
1128 2365 1181 2421 ad-

153 2451 237 2504 ditum
259 2467 322 2504 esse
345 2454 378 2506 ab
401 2454 495 2522 aliquo
520 2453 609 2508 sciolo
628 2450 716 2518 Terga
742 2450 874 2514 aihrmat;
906 2467 960 2520 ego
977 2466 1044 2505 veno
1064 2465 1116 2504 uon
1139 2448 1181 2504 ita

153 2546 256 2586 censeo
272 2533 295 2585 si
312 2548 372 2601 cup.
389 2539 423 2590 28
436 2534 500 2588 libri
516 2534 556 2599 113
572 2548 598 2602 p;
614 2537 658 2599 70,
672 2537 790 2602 tt—ts,
806 2540 919 2604 specto,
942 2533 988 2590 ubi
1008 2533 1065 2588 lere
1081 2531 1181 2586 eadem

152 2612 263 2670 dicendi
278 2614 349 2668 ratio
366 2615 497 2670 occurrit.
572 2613 656 2685 .*24=
669 2620 735 2671 1-2
750 2632 803 2670 uva
820 2631 857 2672 ea
873 2619 927 2672 alta
948 2618 990 2673 ael
1009 2631 1046 2672 ex
1059 2613 1179 2686 defruto.

152 2697 192 2752 ita
222 2697 303 2751 codd.
325 2697 430 2753 Medi
465 2694 526 2768 (qui
553 2696 640 2766 prima
670 2699 807 2771 scriptura
834 2702 917 2770 oltea,
946 2700 1066 2756 secunda
1097 2713 1180 2766 vero,

152 2780 202 2836 sed
217 2780 344 2852 antiqua,
359 2775 446 2852 olea),
463 2782 521 2838 Vat.
533 2780 606 2838 Vlll.
628 2780 709 2853 „Ego
723 2800 826 2840 censeo
839 2783 947 2839 Celsum
962 2782 1111 2854 scripsisse
1124 2797 1180 2835 uua

152 2878 189 2919 ee
205 2864 273 2940 olla,
290 2865 331 2918 uel
344 2864 403 2918 olea
419 2878 457 2919 cx
473 2864 601 2936 defectos
623 2865 721 2924 Celsus
736 2867 808 2923 euim
830 2884 898 2924 uvas
917 2884 952 2921 ax
974 2867 1029 2923 olla
1052 2871 1079 2920 et
1098 2864 1180 2920 oleas

153 2963 188 3001 ax
203 2953 283 3017 pasto
299 2947 445 3004 defrutove
459 2956 583 3006 servatas
599 2949 672 3006 inter
688 2967 734 3006 res
748 2953 890 3006 stomacho
907 2956 985 3021 aptas
1003 2947 1052 3022 (ΙΙ,
1064 2942 1110 3020 te)
1128 2948 1179 3004 ud-

152 3035 289 3094 uumerut3
306 3047 373 3087 uvas
385 3038 474 3088 autem
487 3049 521 3088 ex
529 3035 637 3089 defruto
649 3050 738 3104 neque
751 3033 811 3105 ipse
824 3051 938 3104 usquam
949 3027 1180 3104 memoratIquod

152 3127 206 3168 uon
218 3129 259 3166 me
271 3121 363 3168 movet
374 3116 398 3171 si
408 3116 586 3186 Columellam
597 3117 614 3173 l.
623 3117 650 3169 in
661 3122 736 3174 textu
748 3117 766 3171 l.
774 3113 898 3189 specto];
916 3123 944 3172 et
953 3116 1056 3172 Plinius
1065 3113 1179 3189 (XXIII,

153 3203 179 3264 l,
193 3189 223 3268 t)
239 3201 321 3266 etque
337 3199 516 3256 Dioscorides
535 3197 585 3272 (V,
615 3195 630 3272 )
654 3201 795 3256 stomacho
819 3200 931 3256 inutiles
953 3215 1017 3256 esse
1040 3197 1177 3254 traduut“

153 3276 300 3348 Targa.-
315 3281 420 3339 Revera
436 3283 508 3355 apud
519 3283 710 3339 Dioscoridem
720 3283 837 3353 legitur:
854 3279 899 3337 At
910 3275 941 3346 δὲ
953 3275 985 3337 ἐκ
996 3278 1049 3337 τοῦ
1060 3269 1176 3354 ἑψήμα-

152 3376 201 3429 τος
216 3355 266 3416 καὶ
283 3359 404 3436 γλυκέος
413 3363 465 3438 (ex
475 3362 599 3439 defruto)
613 3356 904 3439 concucupiscentia,
920 3372 947 3422 et
962 3367 1033 3438 apud
1045 3366 1176 3422 Plinium:

152 3443 259 3517 „Quae
281 3447 310 3504 iu
328 3449 394 3506 vino
411 3454 458 3505 aut
479 3449 506 3505 in
528 3450 601 3506 dulci
625 3446 725 3524 (videl.
746 3463 783 3506 ex
803 3447 929 3525 defruto)
952 3449 1079 3506 conditae
1096 3449 1177 3504 luere
1206 3461 1208 3467 ⁸
