2384 3896
362 188 431 254 dra.
448 206 482 254 v.
505 206 581 256 car.
598 207 721 254 xxvru.
972 197 1032 258 215

46 368 107 448 quia
123 364 210 426 durus
233 369 293 438 est,
318 368 348 422 ot
362 368 410 422 aut
423 359 523 437 albus,
545 371 595 438 aut
617 360 750 441 pallidus.
781 363 913 425 sedtum
932 363 1032 424 validi·¹

47 450 140 512 oribus
154 447 368 508 medicamentis
393 463 468 525 opus
481 453 542 504 ert:
566 444 651 523 quale
666 455 727 521 est,
751 447 827 524 quod
843 447 929 506 babet
945 465 1034 526 papa·

49 535 121 594 veris
136 531 272 592 lacrimae
284 548 313 609 p.
329 529 386 607 )·(.
401 542 424 590 1.
434 533 554 610 gummis
570 529 662 608 p.·)·(.
679 541 729 590 111.
750 548 775 588 u.
792 530 921 591 cadmiae
931 550 959 610 p.
976 531 1032 610 )·(.

48 629 89 678 1v.
113 614 263 676 atramenti
284 614 384 674 sutorii
408 612 676 692 p.)-(.V111..ex
700 612 803 691 quibus
826 631 900 691 aqua
924 616 1034 674 coactis

31 700 194 774 ucollyrium
208 699 256 780 lit:
274 706 320 757 aut
334 697 363 756 in
379 713 436 776 quc
452 705 517 756 sunt
528 697 625 774 gallae
639 715 668 774 p.
683 696 739 774 )·(.
755 715 781 756 a.
799 698 954 773 aeruginis,
970 715 1033 757 san·

50 783 202 858 damulae,
219 781 350 842 aluminis
365 781 509 859 aegyptii,
526 780 705 857 singulorum
722 798 750 858 p.
766 781 824 858 )·(.
838 795 861 840 1.
886 781 1034 840 atramenti

52 867 145 928 sutorii
161 864 302 946 combusti
318 882 348 944 p.
363 865 419 944 )·(.
434 876 470 923 11.
487 872 535 923 aut
550 864 627 941 quod
645 871 757 923 constat
773 883 811 924 ex
827 863 991 937 chalcitide,
1006 871 1035 924 ει
1144 929 1158 945 ⁶

52 967 117 1010 saro
132 948 237 1017 calcis;
255 947 358 1026 quibus
373 948 573 1026 auripigmenti
588 945 704 1008 dimidio
715 949 821 1025 miuus,
837 965 920 1025 quam
933 948 961 1006 iu
978 949 1034 1006 siu·

51 1032 120 1109 gulis
135 1031 280 1111 prioribus
295 1039 350 1107 εει,
366 1031 514 1106 adjicitur,
531 1047 623 1109 eaque
639 1029 726 1090 melle
743 1039 828 1091 cocto
845 1031 1034 1108 excipiuntur.

24 1135 45 1174 ro
53 1115 297 1194 Expeditissimum
317 1124 411 1175 autern
427 1123 472 1174 εει
492 1132 530 1174 ex
546 1122 707 1193 praecepto
730 1113 872 1192 Megetis,
890 1113 1035 1191 aeruginis

51 1217 128 1260 rasae
149 1217 176 1278 p.
203 1200 261 1277 )·(.
276 1212 313 1260 11.
337 1207 508 1273 conterere,
529 1197 634 1258 deinde
656 1199 824 1259 ammoniaci
844 1197 1035 1272 thymiamatis

53 1282 144 1361 p5)-(.
158 1295 193 1342 11.
211 1292 298 1343 aceto
314 1283 441 1360 liquare,
458 1297 552 1359 ecque
567 1283 661 1343 inluso
674 1281 840 1358 aeruginem
854 1298 979 1358 cogere:
995 1279 1035 1339 id-

52 1384 103 1443 que
125 1385 161 1427 er
182 1367 281 1445 primis
301 1366 516 1426 medicamentis
537 1375 591 1426 est.
624 1365 683 1426 Sed
699 1374 728 1425 ut
745 1365 820 1426 baec
835 1365 949 1425 maximi
963 1363 1045 1427 elie.

54 1459 110 1509 ctus
131 1458 210 1526 suut,
233 1451 259 1510 si
282 1451 327 1510 cui
350 1451 403 1510 ista
423 1467 481 1510 non
502 1448 620 1525 adsunt,
644 1447 731 1509 facile
752 1456 847 1509 tamen
867 1455 913 1508 εει
932 1447 1035 1507 callum

27 1547 46 1588 n
54 1533 218 1610 quibuslibet
233 1532 420 1594 adurentibus
441 1531 656 1592 medicamentis
677 1531 817 1592 erodere:
844 1531 971 1609 satisque
992 1538 1037 1590 est

55 1617 97 1677 vel
120 1635 258 1696 papyrum
285 1616 436 1691 intortum,
465 1614 512 1676 vel
533 1615 639 1694 aliquid
660 1633 697 1678 er
717 1614 854 1693 penicillo
877 1614 905 1674 iu
922 1611 1036 1674 modum

57 1699 160 1776 collyrii
174 1701 342 1762 adstrictum
356 1717 394 1762 eo
410 1699 535 1760 illinere.
566 1699 785 1778 Scillaquoque
804 1707 888 1760 cocta
906 1706 934 1758 ει
949 1699 1036 1758 mixta

15 1847 16 1854 ,
56 1801 112 1843 cum
127 1784 222 1860 calce,
247 1783 352 1846 callum
371 1792 464 1846 exest.
497 1784 527 1844 Si
550 1782 663 1862 quando
680 1799 752 1842 uero
769 1782 884 1860 longior
900 1789 929 1840 ει
945 1790 1035 1840 trans·

56 1884 132 1928 uersa
147 1867 240 1930 listula
262 1876 323 1944 est,
341 1867 469 1928 demisso
487 1867 628 1947 specillo,
651 1874 751 1928 contra
766 1865 938 1946 principium
951 1863 1036 1939 hujus

27 1948 133 2011 acincidi
147 1950 405 2012 commodissimum
423 1959 478 2028 est,
496 1959 524 2011 et
542 1951 691 2024 collyrium
707 1950 849 2029 utrimque
861 1949 977 2010 demitti.
999 1949 1036 2006 At

57 2035 78 2092 si
98 2033 235 2113 duplicem
260 2053 327 2096 esse
351 2034 473 2096 fistulam
497 2043 544 2096 aut
557 2033 744 2113 multiplicem
765 2034 978 2107 existimamus,
994 2031 1037 2090 sic

55 2126 155 2193 tamen,
177 2127 207 2178 ut
223 2117 339 2195 brevis,
355 2120 486 2198 intraque
502 2135 617 2178 caruem
633 2118 686 2192 sit,
706 2115 829 2192 collyrio
853 2116 892 2175 uti
908 2132 965 2175 non
987 2114 1036 2173 de·

56 2197 146 2260 bemus
164 2202 240 2280 quod
263 2220 345 2262 uuam
367 2211 478 2281 partem
500 2210 598 2278 curet,
620 2200 747 2279 reliquas
770 2200 895 2264 omittam
919 2197 970 2258 sed
990 2214 1036 2256 ea·

57 2282 114 2343 dem
127 2285 332 2346 medicamenta
354 2285 431 2346 arida
453 2285 482 2345 in
497 2284 635 2345 calamum
651 2284 834 2361 scriptorium
857 2278 1038 2358 conjicienda

30 2376 124 2442 nsunt,
140 2369 221 2447 isque
240 2371 283 2429 ori
302 2369 414 2430 listulae
426 2367 582 2448 aptandus,
598 2366 868 2446 inspirandumquc,
884 2373 912 2430 ut
930 2382 964 2424 ca
979 2381 1037 2424 mc·

58 2449 204 2513 dicameuta
225 2455 302 2512 intus
317 2452 541 2530 compellantur:
564 2461 611 2512 aut
629 2451 730 2512 eadem
746 2469 784 2510 er
805 2450 872 2509 vino
889 2445 1037 2526 liquanda;

58 2533 99 2592 vel
113 2537 134 2594 si
149 2537 292 2597 sordidior
315 2537 409 2596 sustula
431 2544 492 2610 εει,
510 2555 548 2596 ex
560 2535 670 2603 mulso;
691 2535 716 2594 ai
733 2532 886 2610 callosior,
903 2551 940 2592 ex
953 2539 1037 2591 aceto

59 2626 129 2686 sout;
144 2619 228 2698 idque
246 2623 321 2681 intus
336 2618 548 2680 infundendum.
572 2617 716 2696 Quidquid
733 2617 849 2678 inditum
860 2625 921 2692 est,
937 2633 1037 2694 super·

58 2703 181 2776 ponenda
195 2713 271 2781 sunt,
284 2722 357 2782 quae
367 2703 544 2781 refrigerent
561 2713 590 2763 et
603 2704 774 2780 reprimant:
792 2718 855 2762 uam
867 2701 948 2773 iere,
964 2716 1037 2777 quae

31 2784 130 2844 arciaca
152 2787 273 2849 listulam
302 2797 383 2864 sunt,
408 2787 516 2848 habent
537 2785 643 2866 aliquid
665 2785 903 2846 inllammatiouis.
935 2781 1038 2860 Neque
1065 2803 1073 2818 =

60 2865 170 2930 alienum
185 2880 246 2948 est,
265 2870 313 2932 ubi
331 2872 394 2949 quis
409 2872 581 2946 resolverit,
598 2880 750 2948 antequam
766 2885 864 2928 rursus
881 2865 935 2926 alia
951 2863 1037 2922 medi·

61 2961 179 3013 cementa
195 2956 346 3032 conjiciat,
361 2971 415 3033 per
427 2955 607 3016 oricularium
620 2954 774 3028 clysterem
790 2949 911 3010 fistulam
927 2947 1038 3020 eluere,

61 3033 81 3091 si
97 3034 157 3110 plus
173 3039 250 3116 puris
266 3039 372 3114 fertur,
389 3041 470 3107 viuo;
488 3040 512 3098 si
524 3037 616 3099 callus
631 3036 728 3096 durior
744 3041 804 3107 est,
826 3041 927 3100 aceto;
942 3031 966 3090 si
977 3029 1039 3106 Jam

61 3129 204 3195 purgatur,
220 3122 327 3198 mulso,
342 3121 390 3181 uel
405 3140 495 3200 aqua,
513 3121 612 3201 inqua
628 3135 725 3180 ervum
741 3124 854 3178 coctum
866 3118 916 3191 sit,
933 3116 993 3188 sic,
1009 3122 1039 3176 ut

35 3196 120 3259 anun
138 3203 230 3265 mellis
250 3222 366 3285 quoque
384 3205 497 3284 paulum
518 3204 677 3280 adjiciatur.
707 3199 783 3260 Fere
802 3215 875 3259 rero
895 3199 942 3275 iit,
958 3205 988 3258 ut
1003 3213 1039 3257 ea

62 3284 247 3367 tunica‚.qoue
261 3291 334 3350 inter
346 3289 477 3350 foramen
487 3295 516 3346 et
533 3290 673 3363 integram
688 3301 802 3344 carnem
818 3291 872 3357 εει,
888 3284 966 3342 victa
980 3297 1037 3340 me·

63 3363 218 3430 dieamentis
241 3381 299 3434 tota
320 3381 424 3445 exeat,
450 3370 582 3447 intraque
597 3369 679 3428 ulcus
693 3385 794 3446 purum
815 3367 859 3426 sit.
891 3364 975 3440 Quod
990 3363 1037 3422 ubi

64 3454 186 3531 contigit,
208 3456 380 3536 imponenda
395 3454 564 3532 glutinantia
580 3460 658 3522 sout;
681 3452 897 3530 praecipueque
912 3446 1037 3526 spongia
