2384 3896
152 203 214 268 144*
361 227 363 232 ·
446 213 479 261 s.
495 212 524 262 o.
541 212 640 262 cnnsr
654 211 851 261 mucrorunn

148 389 206 433 non
226 375 326 430 mirum
347 377 407 443 est,
435 369 460 428 si
479 367 574 428 subito
598 369 661 448 quis
683 369 811 428 moritur.
849 365 952 446 Neque
975 377 1072 428 temen
1094 369 1142 428 ulli

90 492 92 499 ι
148 455 251 516 tnorbo
267 455 368 514 minori
383 463 527 512 momento
543 453 728 513 succurritur.
762 453 895 512 Protinus
911 471 1002 530 ergo,
1027 453 1077 512 uhi
1092 455 1142 512 ista

150 548 327 619 coeperunt,
359 555 452 616 aquae
471 538 588 615 tepidae
611 554 695 615 quem
717 536 867 615 plurimum
887 536 990 597 bibere
1016 535 1141 615 oportet,

149 634 178 686 et
201 641 330 684 vomere.
374 621 430 680 Vix
456 638 588 699 umquam
614 621 743 681 sic·non
766 622 889 680 vomitus
916 623 1061 699 sequitur;
1094 620 1144 680 sed

150 711 234 769 etiam
248 708 344 768 sinon
358 706 473 780 incidit,
494 706 646 765 miscuisse
667 714 762 766 tamen
785 721 891 764 novam
914 707 1066 766 materiam
1084 723 1161 771 cors

149 803 251 872 ruptae
274 790 410 870 prodest;
438 807 564 867 parsque
588 790 718 850 sanitatis
739 799 802 865 est,
826 791 963 849 vomitum
985 807 1055 870 esse
1082 807 1143 867 snp-

149 893 291 957 pressum.
312 876 343 934 Si
357 874 385 934 id
399 873 513 950 incidit,
529 874 659 951 protinus
675 872 711 932 ab
725 875 800 934 omni
813 871 932 952 potione
946 873 1145 934 abstinendum

149 970 204 1020 est.
228 961 258 1020 Si
270 974 341 1018 vero
353 959 472 1018 tormina
487 967 566 1033 sunt,
582 967 700 1036 oportet
710 958 822 1034 frigidis
835 967 865 1018 et
876 955 997 1018 humidis
1012 958 1145 1017 lomentis

150 1043 326 1104 stomachum
347 1041 464 1110 lovere;
487 1041 534 1101 vel
558 1043 583 1100 si
600 1052 702 1102 venter
718 1042 813 1118 dolet,
835 1043 935 1102 iisdem
951 1041 1081 1118 egelidis
1096 1043 1146 1116 sic,

150 1137 180 1188 ut
193 1135 295 1186 venter
310 1127 374 1204 ipse
389 1126 574 1186 mediocriter
589 1126 750 1186 calentibus
760 1129 888 1203 juvetur.
917 1125 1002 1198 Quod
1019 1129 1044 1186 si
1061 1127 1172 1189 vele-u

150 1220 263 1270 menter
284 1217 314 1268 et
335 1211 474 1286 vomitus,
497 1219 534 1269 et·
547 1209 689 1286 dejectio,
718 1220 747 1272 et
769 1212 832 1270 sitis
851 1219 973 1286 vexant,
1004 1220 1035 1270 ει
1056 1211 1148 1270 adhuc

150 1293 294 1354 subcruda
307 1302 374 1352 sunt
391 1311 466 1372 quae
483 1303 649 1371 vomuntur,
665 1294 789 1355 nondum
805 1297 872 1354 vino
884 1304 1023 1354 maturum
1035 1305 1148 1373 tempus

82 1451 87 1460 Ι
152 1388 211 1440 est:
234 1395 320 1456 aqua,
341 1396 436 1457 neque
459 1395 493 1438 ea
512 1379 577 1458 ipsa
597 1379 718 1456 frigida,
742 1379 795 1440 sed
812 1381 907 1458 potius
924 1379 1041 1456 egelida
1058 1380 1149 1439 danda

143 1469 212 1524 ¹est:
242 1463 507 1541 admovendumque
531 1463 647 1522 naribus
673 1472 718 1523 εει
738 1464 886 1542 pulegium
907 1482 944 1523 ex
966 1473 1073 1533 acet03
1104 1464 1148 1524 vel

151 1548 268 1627 polenta
283 1550 349 1607 vino
365 1547 524 1626 adspersa,
540 1546 588 1606 vel
604 1557 698 1607 menta
714 1549 872 1608 secundum
887 1558 1017 1608 naturam
1032 1557 1090 1608 est.
1115 1549 1172 1608 lita

152 1651 237 1711 quum
259 1631 390 1691 discussa
412 1631 538 1692 eruditas
560 1641 622 1710 est,
650 1642 708 1692 tum
727 1635 820 1709 magis
841 1633 997 1692 verendum
1022 1642 1087 1710 est,
1116 1651 1148 1692 ne

151 1717 242 1775 anima
266 1715 391 1774 deliniat.
428 1713 508 1792 Ergo
530 1725 589 1776 tum
609 1716 831 1793 confugiendum
853 1725 898 1776 εει
917 1717 951 1777 ad
974 1718 1084 1776 vinnm.
1120 1717 1148 1777 ld

151 1817 219 1860 esse
244 1808 362 1877 opo-rtet
382 1808 484 1874 tenue,
516 1801 683 1877 odoratum,
710 1819 773 1860 eum
794 1819 868 1880 aqua
889 1801 994 1878 frigida
1017 1805 1147 1868 mixtum

151 1884 200 1943 vel
215 1883 335 1961 polenta
352 1882 480 1962 adjecta,
502 1884 552 1944 vel
567 1885 690 1945 infracto
707 1903 798 1963 pane,
821 1904 907 1964 quem
924 1888 1018 1965 ipsum
1034 1904 1148 1964 quoque

151 1985 300 2028 assumere
322 1968 457 2046 expedit;
488 1971 661 2049 quotiesque
684 1970 790 2049 aliquid
812 1979 863 2030 εει
885 1971 1071 2046 stomachus,
1105 1980 1172 2034 autu

151 2061 252 2112 venter
267 2052 386 2129 ellodit,
403 2054 490 2113 toties
506 2071 560 2132 per
574 2054 648 2114 haec
663 2056 741 2114 vires
759 2056 923 2114 restituere.
953 2053 1148 2114 Erasistratus

150 2137 242 2216 primo
263 2137 354 2197 tribus
375 2139 433 2221 vini
454 2139 557 2215 guttis,
584 2148 631 2197 aut
653 2139 746 2217 quinis
767 2139 979 2216 aspergendam
1000 2141 1148 2217 potionem

151 2239 218 2280 esse
241 2221 324 2291 dixit;
357 2221 461 2280 deinde
483 2222 618 2300 paulatim
644 2240 752 2282 merum
776 2222 967 2300 adjiciendum
991 2223 1048 2299 (ci.
1069 2221 1148 2282 Geel.

150 2306 220 2366 Aur.
237 2303 326 2366 Acci.
343 2305 398 2380 lll,
418 2305 485 2383 21).
522 2305 567 2380 Ιε,
584 2308 608 2366 si
624 2316 653 2366 et
668 2306 702 2366 ab
720 2308 799 2366 initio
816 2309 911 2366 vinum
928 2307 1026 2381 dedit,
1045 2317 1075 2366 ει
1095 2325 1148 2366 nne·

150 2400 208 2450 tum
231 2389 378 2451 cruditatis
402 2399 540 2470 sequutus
558 2399 618 2466 est,
641 2408 697 2449 non
719 2393 780 2450 sine
800 2409 886 2452 causa
908 2391 995 2451 iecit:
1020 2393 1046 2450 si
1062 2389 1172 2450 vebs-c

150 2482 275 2535 mentem
303 2475 492 2534 infirmitatem
521 2476 649 2552 adjuvari
676 2493 766 2554 posse
790 2475 882 2535 tribus
910 2476 999 2552 guttis
1031 2478 1149 2554 putavit,

151 2557 267 2616 erravit.
304 2557 343 2615 At
365 2559 388 2616 si
410 2560 499 2618 inanis
518 2569 562 2618 est
578 2561 682 2635 homo,
705 2569 734 2619 et
750 2577 833 2619 crura
850 2562 915 2636 ejus
932 2560 1147 2635 contrahuntur,

151 2641 360 2716 interponenda
375 2643 455 2718 potio
472 2643 604 2703 absinthii
620 2653 673 2703 est.
696 2645 726 2703 Si
743 2653 891 2703 extremae
904 2653 1003 2722 partes
1017 2645 1150 2722 corporis

150 2725 272 2800 frigent,
303 2725 455 2800 ungendae
476 2736 540 2786 sunt
563 2727 656 2788 calido
678 2727 760 2803 oleo,
791 2729 836 2786 eui
856 2746 943 2788 cerae
974 2729 1095 2807 paulum
1116 2727 1149 2785 sit

150 2807 311 2885 adjectum,
328 2809 487 2889 calidisque
503 2812 636 2871 lomentis
653 2811 831 2871 nutriendae.
856 2813 887 2872 Si
903 2831 938 2871 ne
956 2811 1009 2871 sub
1027 2813 1073 2872 his
1091 2812 1172 2891 qui-u

152 2895 215 2954 dem
237 2894 319 2972 quies
341 2893 416 2954 lucta
433 2905 493 2970 εει,
519 2898 700 2956 extrinsecus
726 2905 825 2956 contra
849 2896 1041 2956 ventriculum
1059 2900 1149 2976 ipsum

151 2978 328 3038 cucurbitula
341 2979 520 3039 admovenda
533 2990 588 3055 εει,
604 2990 651 3040 εει
662 2981 754 3058 sinapi
767 2980 1073 3060 superimponendum.
1097 2979 1149 3039 Ubi

150 3063 174 3118 is
197 3064 339 3139 constitit,
355 3063 479 3122 dormire
495 3073 627 3141 oportet:
654 3073 775 3143 postero
800 3065 846 3124 die
869 3065 968 3144 utique
993 3083 1009 3125 a
1031 3067 1148 3143 potione

151 3141 310 3203 abstinere:
336 3147 383 3205 die
404 3149 490 3206 tertio
516 3148 544 3206 in
564 3147 697 3207 balneum
714 3149 772 3207 ire:
796 3148 932 3226 paulatim
948 3167 980 3208 se
1000 3149 1068 3208 cibo
1084 3148 1145 3207 reli-

151 3243 235 3302 cere,
253 3231 438 3308 sumantque]
456 3233 586 3310 quisquis
603 3231 690 3292 iacile
709 3233 883 3310 acquiescit;
900 3233 935 3268 a».
952 3235 1081 3310 itemque
1094 3233 1169 3291 tas-a

151 3311 274 3370 situdine
294 3321 322 3370 et
339 3312 459 3390 frigore.
496 3317 526 3374 st
546 3325 612 3393 post
631 3333 818 3395 suppressam
839 3316 987 3376 choleram
1006 3315 1144 3376 febricula

150 3403 258 3536 manedt,
285 3395 379 3454 alvum
404 3397 468 3456 duci
499 3399 693 3462 necessarium
723 3410 784 3460 est:
817 3409 876 3461 tum
903 3400 993 3478 cibis,
1023 3404 1144 3478 vinoque

152 3486 220 3536 uten
241 3495 286 3536 um
303 3487 357 3537 est.
