2384 3896
134 165 196 230 228
432 177 465 225 s.
482 175 513 226 c.
529 175 628 226 censs
642 173 838 224 auctoriosa

197 333 225 394 3.
253 329 305 392 ttst
321 329 407 407 igitur
420 327 565 406 Philonis,
588 327 666 410 quod
679 327 768 390 babet
784 328 1060 404 commaculatae,
1076 344 1143 407 spo·

136 419 191 494 dii,
209 416 347 494 gummis,
358 413 537 490 singulorum
556 431 586 492 p.
603 413 658 492 )·(.
674 427 697 472 1.
718 414 873 492 papaveris
898 413 1043 473 lacrimae
1068 429 1142 471 com-

135 501 237 561 bustae
262 518 290 578 p.
304 497 361 580 )·(.
378 510 415 557 11.
449 495 524 558 lllud
544 499 621 557 scire
638 505 756 576 oportet
773 496 820 557 bic
834 513 952 575 quoque
968 497 1072 556 omnia
1087 513 1142 554 me

134 585 312 658 dismanta,
330 581 442 659 singula
455 583 575 660 primum
589 599 643 660 per
659 599 693 640 se
711 580 782 656 teri,
797 579 901 640 deinde
915 581 1008 640 mixta
1025 581 1141 652 iterum,

134 668 249 742 adiecta
272 665 407 745 paulatim
425 664 475 726 vel
495 683 585 744 aqua,
609 664 657 724 rel
673 663 730 724 alio
749 664 882 723 humore:
902 665 1029 739 gummi,
1054 681 1159 741 quami

135 751 273 830 quasdam
289 749 360 810 alias
376 749 531 809 facultates
547 748 666 824 babeat,
690 748 746 808 boc
761 747 882 808 maxime
898 755 1077 826 praestare,
1103 755 1140 821 ut,

134 836 181 895 ubi
204 833 327 908 collyria
342 832 420 892 iacta
435 833 618 908 inaruerunt,
638 832 778 910 glutinata
794 831 864 906 sint,
887 848 983 908 neque
1000 831 1139 890 scientur.

198 919 227 977 4.
251 917 383 992 Dionysii
398 915 470 994 iero
487 915 637 991 collyrium
653 923 715 975 est:
732 915 885 993 papaveris
900 915 1045 974 lacrimae
1064 931 1140 972 com·

134 1003 250 1079 bastae,
274 1000 369 1059 donec
385 1008 565 1076 tenerescat,
587 1017 617 1076 p.
632 999 687 1077 )·(.
707 1011 729 1058 1.
747 1001 824 1059 aeris
840 997 998 1074 combusti,
1016 999 1139 1076 gamini,

134 1084 312 1161 singulorum
327 1100 355 1160 p.
376 1082 433 1160 )·(.
449 1097 485 1142 11.
503 1082 597 1162 spodii
611 1101 647 1170 p:
656 1081 712 1162 )·(.
729 1095 775 1142 tv.
1149 1099 1163 1138 n

199 1169 229 1226 5.
259 1164 379 1225 Cleonis
401 1165 500 1228 nobile
518 1167 683 1226 admodum:
706 1167 861 1243 papaveris
876 1165 1014 1226 lacrimae
1032 1166 1139 1226 frictae

135 1269 162 1328 p.
181 1251 237 1327 )·(.
253 1262 275 1308 1.
293 1249 373 1308 croci
390 1267 418 1326 p.
434 1249 491 1328 )·(.
507 1269 531 1309 z.
541 1250 661 1325 gummis
674 1266 701 1327 p.
711 1250 766 1328 )·(.
779 1261 801 1308 1.
818 1249 940 1327 quibus,
955 1250 1024 1309 dum
1041 1259 1138 1308 terun-

133 1343 195 1408 tur,
217 1332 350 1407 adjicitur
364 1349 450 1392 rosae
466 1351 580 1394 succus.
617 1333 704 1394 Aliud
719 1333 847 1409 ejusdem
864 1332 1025 1393 valentius:
1053 1351 1137 1411 squa-

133 1435 197 1476 mac
211 1417 303 1492 aeris,
323 1417 400 1494 qnod
418 1408 576 1496 στόμωμα
590 1417 757 1496 appellant,
774 1434 802 1495 p.
819 1413 875 1498 )·(.
891 1429 914 1474 1.
932 1417 1015 1478 croci
1034 1437 1066 1496 p.
1081 1416 1137 1494 )·(.

134 1514 171 1560 11.
192 1499 287 1578 spodii
309 1519 337 1579 p.
362 1501 417 1577 )·(.
439 1513 485 1559 tv.
517 1501 625 1578 plumbi
646 1500 716 1561 eloti
738 1510 767 1560 et
788 1498 928 1560 combusti
955 1520 985 1579 p.
1005 1502 1068 1579 )·(.
1091 1513 1161 1562 vtis

133 1585 253 1662 gummis
266 1586 447 1646 tantumdem.
476 1584 614 1644 Attalium
631 1582 853 1661 (Attalicumi)
870 1599 987 1661 quoque
1006 1585 1047 1644 ad
1064 1585 1136 1644 idam

135 1677 196 1740 est,
220 1668 342 1726 maxime
365 1667 412 1726 ubi
435 1667 521 1728 multa
545 1669 644 1746 pituita
668 1667 799 1746 produit:
830 1669 955 1728 castorei
982 1685 1009 1745 p.
1030 1670 1091 1747 )·(.
1112 1687 1135 1726 a.

134 1750 215 1808 aloes
233 1768 260 1827 p.
274 1748 329 1826 )·(.
347 1767 373 1808 a.
389 1751 469 1810 croci
485 1771 513 1830 p.
527 1753 583 1830 )·(.
599 1765 622 1810 1.
638 1751 771 1826 myrrhae
786 1769 814 1830 p.
826 1749 881 1829 )·(.
894 1765 930 1810 11.
947 1750 1017 1825 lycii
1037 1771 1069 1830 p.
1081 1752 1133 1830 )·(.

25 1861 31 1870 ·
134 1845 183 1890 111.
206 1831 334 1890 cadmiae
356 1843 471 1894 curatae
494 1853 522 1913 p.
538 1836 593 1914 )·(.
610 1848 683 1894 Vnt.
705 1833 788 1894 stibis
802 1834 991 1910 tantumdem,
1015 1839 1133 1894 acaciae

134 1914 214 1974 succi
230 1913 332 1993 p.')-(.
349 1929 410 1976 ΧΠ.
449 1917 534 1992 Quod
557 1920 663 1994 gummi
678 1919 734 1978 boc
749 1935 807 1978 non
822 1917 923 1995 habet,
946 1918 1090 1996 liquidnm
1107 1922 1158 1978 ina

134 1997 298 2074 pyxidicula
318 2010 458 2060 servatur.
475 2055 478 2064 ,
494 2000 663 2062 Theodotus
683 2018 755 2062 vero
777 2002 843 2061 buic
864 2003 1072 2080 compositioni
1087 2002 1131 2062 ad·

130 2083 204 2154 iecit
224 2083 536 2161 papaverislacriraae
552 2085 720 2146 combustae
736 2104 765 2164 p.
781 2085 836 2163 )·(.
853 2104 877 2145 u.
895 2088 972 2145 aeris
990 2085 1131 2146 combusti

135 2174 163 2224 et
178 2164 249 2226 eloti
269 2183 297 2244 p.
314 2168 369 2245 Ἀ.
385 2180 420 2226 tr.
442 2167 564 2230 nucleos
581 2169 738 2248 palmarum
754 2169 921 2230 combustos
935 2188 1060 2230 numero
1076 2183 1129 2230 xx.

135 2250 256 2326 gummis
269 2252 355 2329 p.)·(.
369 2265 430 2310 ΧΠ.

196 2334 224 2394 6.
259 2333 297 2393 At
319 2335 408 2412 ipsius
433 2333 590 2411 Theodoti,
617 2338 695 2415 qnod
718 2355 734 2398 a
757 2337 923 2416 quibusdam
947 2327 1154 2416 dydpccaosa

133 2416 307 2493 nominatur,
330 2419 472 2492 ejusmodi
488 2428 547 2478 est:
572 2422 713 2495 castorei,
730 2422 810 2481 nardi
829 2423 932 2496 indici,
950 2421 1127 2498 singulorum

133 2516 161 2573 p.
184 2500 240 2576 )·(.
263 2512 285 2558 t.
314 2501 382 2574 lycii
412 2521 440 2580 p.
461 2504 518 2581 )·(.
541 2522 566 2562 a.
595 2506 749 2582 papaveris
776 2506 913 2566 lacrimae
942 2505 1126 2578 tantumdem,

133 2581 265 2651 rnyrrbae
289 2600 316 2660 p.
333 2583 388 2660 )·(.
403 2597 440 2644 11.
457 2587 555 2661 croci,
579 2605 715 2648 cerussae
736 2589 850 2666 elotae,
874 2590 974 2666 aloes,
1000 2589 1126 2666 singulo·

132 2679 192 2721 rum
214 2682 241 2741 p.
260 2665 315 2741 )·(.
331 2680 380 2724 111.
404 2668 531 2728 cadmiae
555 2669 716 2744 botryitidis
734 2669 848 2749 elotae,
875 2675 951 2734 aeris
974 2672 1125 2746 combusti,

133 2746 311 2822 singolorum
332 2766 360 2826 p.
376 2749 432 2828 )·(.
447 2764 520 2811 v111.
544 2757 666 2828 gummis
679 2769 708 2832 p.
720 2757 776 2834 )·(.
793 2767 891 2816 xv111.
912 2756 1031 2816 acaciae
1049 2756 1151 2816 soccia

132 2848 160 2926 p.
184 2831 240 2909 )·(.
263 2845 320 2892 xx.
346 2832 428 2893 stibis
448 2835 635 2905 tantumdem
664 2839 767 2915 quibus
794 2858 867 2919 aqua
895 2840 1053 2920 pluviatilis
1081 2839 1125 2898 ad·

132 2916 238 2987 chitnr.
551 2969 555 2976 .

177 3001 221 3057 ·7.
243 3000 362 3060 Praeter
376 3000 467 3079 baec,
486 3021 523 3062 cx
535 3004 774 3081 frequentissimis
787 3007 916 3080 collyriis
928 3017 991 3081 est,
1009 3007 1037 3067 id
1050 3001 1124 3085 quod

132 3081 243 3153 quidam
262 3085 395 3162 cptba'oo,
410 3086 522 3163 quidam
538 3105 553 3146 a
567 3089 683 3148 cinereo
698 3089 799 3149 colore
810 3084 950 3169 τέφριον
960 3089 1122 3169 appellant:

132 3160 242 3236 Anryli,
269 3169 497 3246 tragacanthae‚
533 3173 650 3230 acaciae
675 3176 771 3251 succi,
797 3175 930 3250 galbanis,
945 3175 1150 3250 singuloruma

131 3262 161 3322 p.
182 3244 237 3321 )·(·
259 3257 281 3303 1.
303 3254 458 3326 papaveris
482 3253 615 3312 lacrimae
637 3272 665 3332 p.
686 3258 743 3335 )·(.
759 3271 795 3316 11.
820 3275 957 3317 cerussae
981 3258 1077 3317 elotae
1095 3275 1119 3334 p.

132 3327 248 3406 )·(.1v.
271 3337 521 3410 spumaeargenti
542 3337 638 3397 elotae
661 3358 689 3418 p.
705 3341 760 3418 )·(.
776 3355 850 3400 van.
875 3359 950 3419 qaae
972 3359 1065 3419 acqua
1087 3357 1120 3398 ea

132 3429 204 3492 aqua
221 3410 360 3490 pluviatili
377 3426 570 3508 conteruntur.
