<?xml version="1.0" encoding="UTF-8"?>
<!DOCTYPE html PUBLIC "-//W3C//DTD XHTML 1.0 Transitional//EN"
    "http://www.w3.org/TR/xhtml1/DTD/xhtml1-transitional.dtd">
<html xmlns="http://www.w3.org/1999/xhtml" xml:lang="en" lang="en">
 <head>
  <title>
</title>
<meta http-equiv="Content-Type" content="text/html;charset=utf-8" />
  <meta name='ocr-system' content='tesseract 3.04.00' />
  <meta name='ocr-capabilities' content='ocr_page ocr_carea ocr_par ocr_line ocrx_word'/>
</head>
<body>
  <div class='ocr_page' id='page_1' title='image "./demedicinalibri00daregoog_0278.png"; bbox 0 0 2384 3896; ppageno 0'>
   <div class='ocr_carea' id='block_1_1' title="bbox 144 155 846 220">
    <p class='ocr_par' dir='ltr' id='par_1_1' title="bbox 144 155 846 220">
     <span class='ocr_line' id='line_1_1' title="bbox 144 155 846 220; baseline -0.016 -1"><span class='ocrx_word' id='word_1_1' title='bbox 144 155 207 220; x_wconf 75' lang='lat'><strong>226</strong></span> <span class='ocrx_word' id='word_1_2' title='bbox 436 165 470 214; x_wconf 80' lang='lat' dir='ltr'><strong>n.</strong></span> <span class='ocrx_word' id='word_1_3' title='bbox 488 163 519 212; x_wconf 88' lang='lat' dir='ltr'><strong>c.</strong></span> <span class='ocrx_word' id='word_1_4' title='bbox 536 163 636 212; x_wconf 79' lang='lat' dir='ltr'><strong>censu</strong></span> <span class='ocrx_word' id='word_1_5' title='bbox 650 159 846 210; x_wconf 78' lang='lat' dir='ltr'><strong>nnnroruarr</strong></span> 
     </span>
    </p>
   </div>
   <div class='ocr_carea' id='block_1_2' title="bbox 129 313 1164 3492">
    <p class='ocr_par' dir='ltr' id='par_1_2' title="bbox 129 313 1164 3492">
     <span class='ocr_line' id='line_1_2' title="bbox 145 313 1143 400; baseline -0.011 -16"><span class='ocrx_word' id='word_1_6' title='bbox 145 324 247 384; x_wconf 85' lang='lat' dir='ltr'><strong>oculus</strong></span> <span class='ocrx_word' id='word_1_7' title='bbox 266 322 436 400; x_wconf 85' lang='lat' dir='ltr'><strong>plerumque</strong></span> <span class='ocrx_word' id='word_1_8' title='bbox 458 319 612 397; x_wconf 85' lang='lat' dir='ltr'><strong>rumpitur;</strong></span> <span class='ocrx_word' id='word_1_9' title='bbox 635 323 791 394; x_wconf 83' lang='lat' dir='ltr'><strong>rotamque</strong></span> <span class='ocrx_word' id='word_1_10' title='bbox 806 321 869 390; x_wconf 85' lang='lat' dir='ltr'><strong>est,</strong></span> <span class='ocrx_word' id='word_1_11' title='bbox 893 323 924 374; x_wconf 89' lang='lat' dir='ltr'><strong>ut</strong></span> <span class='ocrx_word' id='word_1_12' title='bbox 938 321 1047 372; x_wconf 78' lang='lat' dir='ltr'><strong>tantm</strong></span> <span class='ocrx_word' id='word_1_13' title='bbox 1062 313 1143 377; x_wconf 72' lang='lat' dir='ltr'><strong>erul-</strong></span> 
     </span>
     <span class='ocr_line' id='line_1_3' title="bbox 145 397 1144 480; baseline -0.01 -12"><span class='ocrx_word' id='word_1_14' title='bbox 145 415 269 468; x_wconf 90' lang='lat' dir='ltr'><strong>ceretur.</strong></span> <span class='ocrx_word' id='word_1_15' title='bbox 307 404 385 464; x_wconf 87' lang='lat' dir='ltr'><strong>lutus</strong></span> <span class='ocrx_word' id='word_1_16' title='bbox 407 411 520 480; x_wconf 92' lang='lat' dir='ltr'><strong>ruptum</strong></span> <span class='ocrx_word' id='word_1_17' title='bbox 545 401 659 461; x_wconf 89' lang='lat' dir='ltr'><strong>oculum</strong></span> <span class='ocrx_word' id='word_1_18' title='bbox 673 399 815 460; x_wconf 76' lang='lat' dir='ltr'><strong>febricula</strong></span> <span class='ocrx_word' id='word_1_19' title='bbox 826 401 925 474; x_wconf 87' lang='lat' dir='ltr'><strong>jurat:</strong></span> <span class='ocrx_word' id='word_1_20' title='bbox 948 399 972 456; x_wconf 88' lang='lat' dir='ltr'><strong>si</strong></span> <span class='ocrx_word' id='word_1_21' title='bbox 988 397 1144 472; x_wconf 72' lang='lat' dir='ltr'><strong>toraniam</strong></span> 
     </span>
     <span class='ocr_line' id='line_1_4' title="bbox 142 480 1144 568; baseline -0.01 -18"><span class='ocrx_word' id='word_1_22' title='bbox 142 499 244 568; x_wconf 90' lang='lat' dir='ltr'><strong>ruptus</strong></span> <span class='ocrx_word' id='word_1_23' title='bbox 267 485 420 567; x_wconf 88' lang='lat' dir='ltr'><strong>procidit,·</strong></span> <span class='ocrx_word' id='word_1_24' title='bbox 434 487 496 546; x_wconf 87' lang='lat' dir='ltr'><strong>sine</strong></span> <span class='ocrx_word' id='word_1_25' title='bbox 516 485 624 545; x_wconf 84' lang='lat' dir='ltr'><strong>auxilio</strong></span> <span class='ocrx_word' id='word_1_26' title='bbox 648 493 701 543; x_wconf 87' lang='lat' dir='ltr'><strong>est.</strong></span> <span class='ocrx_word' id='word_1_27' title='bbox 741 484 772 542; x_wconf 88' lang='lat' dir='ltr'><strong>Si</strong></span> <span class='ocrx_word' id='word_1_28' title='bbox 792 483 829 544; x_wconf 91' lang='lat' dir='ltr'><strong>de</strong></span> <span class='ocrx_word' id='word_1_29' title='bbox 850 484 935 559; x_wconf 82' lang='lat' dir='ltr'><strong>nigro</strong></span> <span class='ocrx_word' id='word_1_30' title='bbox 949 481 1061 559; x_wconf 88' lang='lat' dir='ltr'><strong>aliquid</strong></span> <span class='ocrx_word' id='word_1_31' title='bbox 1075 480 1144 540; x_wconf 83' lang='lat' dir='ltr'><strong>albi·</strong></span> 
     </span>
     <span class='ocr_line' id='line_1_5' title="bbox 144 568 1142 645; baseline -0.012 -11"><span class='ocrx_word' id='word_1_32' title='bbox 144 575 209 634; x_wconf 92' lang='lat' dir='ltr'><strong>dum</strong></span> <span class='ocrx_word' id='word_1_33' title='bbox 230 574 413 645; x_wconf 81' lang='lat' dir='ltr'><strong>factumest,</strong></span> <span class='ocrx_word' id='word_1_34' title='bbox 437 569 483 630; x_wconf 93' lang='lat' dir='ltr'><strong>diu</strong></span> <span class='ocrx_word' id='word_1_35' title='bbox 500 578 604 629; x_wconf 87' lang='lat' dir='ltr'><strong>manet.</strong></span> <span class='ocrx_word' id='word_1_36' title='bbox 642 568 682 628; x_wconf 79' lang='lat' dir='ltr'><strong>Ar</strong></span> <span class='ocrx_word' id='word_1_37' title='bbox 697 569 722 628; x_wconf 90' lang='lat' dir='ltr'><strong>si</strong></span> <span class='ocrx_word' id='word_1_38' title='bbox 740 585 874 645; x_wconf 89' lang='lat' dir='ltr'><strong>asperum</strong></span> <span class='ocrx_word' id='word_1_39' title='bbox 892 574 921 625; x_wconf 92' lang='lat' dir='ltr'><strong>et</strong></span> <span class='ocrx_word' id='word_1_40' title='bbox 937 583 1073 624; x_wconf 86' lang='lat' dir='ltr'><strong>crassum</strong></span> <span class='ocrx_word' id='word_1_41' title='bbox 1090 573 1142 640; x_wconf 86' lang='lat' dir='ltr'><strong>cst,</strong></span> 
     </span>
     <span class='ocr_line' id='line_1_6' title="bbox 144 647 1157 734; baseline -0.01 -18"><span class='ocrx_word' id='word_1_42' title='bbox 144 659 229 718; x_wconf 85' lang='lat' dir='ltr'><strong>etiem</strong></span> <span class='ocrx_word' id='word_1_43' title='bbox 251 664 319 734; x_wconf 92' lang='lat' dir='ltr'><strong>post</strong></span> <span class='ocrx_word' id='word_1_44' title='bbox 343 655 519 714; x_wconf 88' lang='lat' dir='ltr'><strong>curationem</strong></span> <span class='ocrx_word' id='word_1_45' title='bbox 538 653 691 729; x_wconf 75' lang='lat' dir='ltr'><strong>vestigium</strong></span> <span class='ocrx_word' id='word_1_46' title='bbox 711 650 829 730; x_wconf 83' lang='lat' dir='ltr'><strong>aliquod</strong></span> <span class='ocrx_word' id='word_1_47' title='bbox 853 651 1001 728; x_wconf 77' lang='lat' dir='ltr'><strong>relinquit.</strong></span> <span class='ocrx_word' id='word_1_48' title='bbox 1045 647 1157 708; x_wconf 79' lang='lat' dir='ltr'><strong>Curaris</strong></span> 
     </span>
     <span class='ocr_line' id='line_1_7' title="bbox 143 733 1141 814; baseline -0.006 -16"><span class='ocrx_word' id='word_1_49' title='bbox 143 759 215 801; x_wconf 88' lang='lat' dir='ltr'><strong>vero</strong></span> <span class='ocrx_word' id='word_1_50' title='bbox 238 739 342 800; x_wconf 90' lang='lat' dir='ltr'><strong>oculos</strong></span> <span class='ocrx_word' id='word_1_51' title='bbox 363 738 511 814; x_wconf 83' lang='lat' dir='ltr'><strong>sanguinis</strong></span> <span class='ocrx_word' id='word_1_52' title='bbox 532 736 727 811; x_wconf 87' lang='lat' dir='ltr'><strong>detractione,</strong></span> <span class='ocrx_word' id='word_1_53' title='bbox 753 734 962 794; x_wconf 80' lang='lat' dir='ltr'><strong>medicamento</strong></span> <span class='ocrx_word' id='word_1_54' title='bbox 987 733 1051 812; x_wconf 89' lang='lat' dir='ltr'><strong>(sc.</strong></span> <span class='ocrx_word' id='word_1_55' title='bbox 1071 751 1141 810; x_wconf 81' lang='lat' dir='ltr'><strong>pur·</strong></span> 
     </span>
     <span class='ocr_line' id='line_1_8' title="bbox 142 817 1142 903; baseline -0.01 -19"><span class='ocrx_word' id='word_1_56' title='bbox 142 823 272 903; x_wconf 76' lang='lat' dir='ltr'><strong>parate),</strong></span> <span class='ocrx_word' id='word_1_57' title='bbox 304 821 432 896; x_wconf 88' lang='lat' dir='ltr'><strong>balneo,</strong></span> <span class='ocrx_word' id='word_1_58' title='bbox 461 821 550 895; x_wconf 89' lang='lat' dir='ltr'><strong>vino,</strong></span> <span class='ocrx_word' id='word_1_59' title='bbox 581 821 792 879; x_wconf 85' lang='lat' dir='ltr'><strong>vetustissimus</strong></span> <span class='ocrx_word' id='word_1_60' title='bbox 818 827 918 878; x_wconf 87' lang='lat' dir='ltr'><strong>auctor</strong></span> <span class='ocrx_word' id='word_1_61' title='bbox 944 817 1142 894; x_wconf 86' lang='lat' dir='ltr'><strong>Hippocrates</strong></span> 
     </span>
     <span class='ocr_line' id='line_1_9' title="bbox 143 902 1142 986; baseline -0.012 -18"><span class='ocrx_word' id='word_1_62' title='bbox 143 907 238 986; x_wconf 79' lang='lat' dir='ltr'><strong>(Aple.</strong></span> <span class='ocrx_word' id='word_1_63' title='bbox 255 906 312 984; x_wconf 91' lang='lat' dir='ltr'><strong>Vl,</strong></span> <span class='ocrx_word' id='word_1_64' title='bbox 336 905 392 985; x_wconf 85' lang='lat'><strong>31)</strong></span> <span class='ocrx_word' id='word_1_65' title='bbox 415 904 570 964; x_wconf 82' lang='lat' dir='ltr'><strong>memoriae</strong></span> <span class='ocrx_word' id='word_1_66' title='bbox 593 902 727 982; x_wconf 90' lang='lat' dir='ltr'><strong>prodidit.</strong></span> <span class='ocrx_word' id='word_1_67' title='bbox 765 902 824 961; x_wconf 82' lang='lat' dir='ltr'><strong>Sed</strong></span> <span class='ocrx_word' id='word_1_68' title='bbox 845 918 946 960; x_wconf 88' lang='lat' dir='ltr'><strong>eorum</strong></span> <span class='ocrx_word' id='word_1_69' title='bbox 961 910 1102 978; x_wconf 89' lang='lat' dir='ltr'><strong>tempora</strong></span> <span class='ocrx_word' id='word_1_70' title='bbox 1117 908 1142 957; x_wconf 90' lang='lat' dir='ltr'><strong>et</strong></span> 
     </span>
     <span class='ocr_line' id='line_1_10' title="bbox 144 986 1141 1068; baseline -0.01 -17"><span class='ocrx_word' id='word_1_71' title='bbox 144 1010 245 1052; x_wconf 89' lang='lat' dir='ltr'><strong>causas</strong></span> <span class='ocrx_word' id='word_1_72' title='bbox 269 1007 368 1068; x_wconf 90' lang='lat' dir='ltr'><strong>parum</strong></span> <span class='ocrx_word' id='word_1_73' title='bbox 391 988 545 1068; x_wconf 82' lang='lat' dir='ltr'><strong>explicuit:</strong></span> <span class='ocrx_word' id='word_1_74' title='bbox 580 987 733 1064; x_wconf 86' lang='lat' dir='ltr'><strong>inquibus</strong></span> <span class='ocrx_word' id='word_1_75' title='bbox 764 986 923 1045; x_wconf 79' lang='lat' dir='ltr'><strong>medicinae</strong></span> <span class='ocrx_word' id='word_1_76' title='bbox 949 1002 1063 1042; x_wconf 90' lang='lat' dir='ltr'><strong>summa</strong></span> <span class='ocrx_word' id='word_1_77' title='bbox 1093 993 1141 1042; x_wconf 88' lang='lat' dir='ltr'><strong>est</strong></span> 
     </span>
     <span class='ocr_line' id='line_1_11' title="bbox 142 1067 1164 1152; baseline -0.01 -18"><span class='ocrx_word' id='word_1_78' title='bbox 142 1075 244 1152; x_wconf 83' lang='lat' dir='ltr'><strong>Neque</strong></span> <span class='ocrx_word' id='word_1_79' title='bbox 261 1074 352 1131; x_wconf 91' lang='lat' dir='ltr'><strong>minus</strong></span> <span class='ocrx_word' id='word_1_80' title='bbox 368 1073 396 1130; x_wconf 91' lang='lat' dir='ltr'><strong>in</strong></span> <span class='ocrx_word' id='word_1_81' title='bbox 412 1071 584 1130; x_wconf 85' lang='lat' dir='ltr'><strong>abstinentia</strong></span> <span class='ocrx_word' id='word_1_82' title='bbox 598 1080 626 1129; x_wconf 89' lang='lat' dir='ltr'><strong>et</strong></span> <span class='ocrx_word' id='word_1_83' title='bbox 642 1071 699 1130; x_wconf 90' lang='lat' dir='ltr'><strong>alvi</strong></span> <span class='ocrx_word' id='word_1_84' title='bbox 716 1070 850 1130; x_wconf 89' lang='lat' dir='ltr'><strong>ductione</strong></span> <span class='ocrx_word' id='word_1_85' title='bbox 865 1087 956 1147; x_wconf 88' lang='lat' dir='ltr'><strong>saepe</strong></span> <span class='ocrx_word' id='word_1_86' title='bbox 970 1067 1076 1127; x_wconf 83' lang='lat' dir='ltr'><strong>auxilii</strong></span> <span class='ocrx_word' id='word_1_87' title='bbox 1092 1077 1164 1125; x_wconf 83' lang='lat' dir='ltr'><strong>esto</strong></span> 
     </span>
     <span class='ocr_line' id='line_1_12' title="bbox 141 1149 1141 1238; baseline -0.008 -21"><span class='ocrx_word' id='word_1_88' title='bbox 141 1158 202 1217; x_wconf 92' lang='lat' dir='ltr'><strong>Hos</strong></span> <span class='ocrx_word' id='word_1_89' title='bbox 224 1157 309 1232; x_wconf 79' lang='lat' dir='ltr'><strong>igitur</strong></span> <span class='ocrx_word' id='word_1_90' title='bbox 323 1153 463 1238; x_wconf 89' lang='lat' dir='ltr'><strong>interdum</strong></span> <span class='ocrx_word' id='word_1_91' title='bbox 482 1154 663 1214; x_wconf 85' lang='lat' dir='ltr'><strong>inflammatio</strong></span> <span class='ocrx_word' id='word_1_92' title='bbox 678 1163 819 1232; x_wconf 87' lang='lat' dir='ltr'><strong>occupat:</strong></span> <span class='ocrx_word' id='word_1_93' title='bbox 841 1153 968 1212; x_wconf 88' lang='lat' dir='ltr'><strong>obicum</strong></span> <span class='ocrx_word' id='word_1_94' title='bbox 985 1149 1104 1210; x_wconf 89' lang='lat' dir='ltr'><strong>tumore</strong></span> <span class='ocrx_word' id='word_1_95' title='bbox 1117 1153 1141 1210; x_wconf 94' lang='lat' dir='ltr'><strong>in</strong></span> 
     </span>
     <span class='ocr_line' id='line_1_13' title="bbox 142 1239 1141 1317; baseline -0.006 -17"><span class='ocrx_word' id='word_1_96' title='bbox 142 1241 186 1300; x_wconf 87' lang='lat' dir='ltr'><strong>bis</strong></span> <span class='ocrx_word' id='word_1_97' title='bbox 202 1239 286 1299; x_wconf 92' lang='lat' dir='ltr'><strong>dolor</strong></span> <span class='ocrx_word' id='word_1_98' title='bbox 304 1247 362 1307; x_wconf 88' lang='lat' dir='ltr'><strong>est;</strong></span> <span class='ocrx_word' id='word_1_99' title='bbox 385 1240 572 1316; x_wconf 76' lang='lat' dir='ltr'><strong>sequiturque</strong></span> <span class='ocrx_word' id='word_1_100' title='bbox 593 1239 710 1317; x_wconf 79' lang='lat' dir='ltr'><strong>pituitae</strong></span> <span class='ocrx_word' id='word_1_101' title='bbox 727 1255 840 1316; x_wconf 88' lang='lat' dir='ltr'><strong>cursus,</strong></span> <span class='ocrx_word' id='word_1_102' title='bbox 863 1253 1080 1314; x_wconf 85' lang='lat' dir='ltr'><strong>nonnumquam</strong></span> <span class='ocrx_word' id='word_1_103' title='bbox 1097 1252 1141 1294; x_wconf 89' lang='lat' dir='ltr'><strong>co·</strong></span> 
     </span>
     <span class='ocr_line' id='line_1_14' title="bbox 142 1319 1139 1402; baseline -0.005 -20"><span class='ocrx_word' id='word_1_104' title='bbox 142 1324 254 1402; x_wconf 87' lang='lat' dir='ltr'><strong>piosior</strong></span> <span class='ocrx_word' id='word_1_105' title='bbox 275 1321 323 1381; x_wconf 88' lang='lat' dir='ltr'><strong>vel</strong></span> <span class='ocrx_word' id='word_1_106' title='bbox 343 1321 455 1398; x_wconf 86' lang='lat' dir='ltr'><strong>acrior,</strong></span> <span class='ocrx_word' id='word_1_107' title='bbox 479 1339 689 1400; x_wconf 87' lang='lat' dir='ltr'><strong>nonnumquam</strong></span> <span class='ocrx_word' id='word_1_108' title='bbox 709 1331 829 1399; x_wconf 83' lang='lat' dir='ltr'><strong>utraque</strong></span> <span class='ocrx_word' id='word_1_109' title='bbox 850 1329 933 1399; x_wconf 87' lang='lat' dir='ltr'><strong>parte</strong></span> <span class='ocrx_word' id='word_1_110' title='bbox 953 1319 1139 1378; x_wconf 86' lang='lat' dir='ltr'><strong>moderatior.</strong></span> 
     </span>
     <span class='ocr_line' id='line_1_15' title="bbox 142 1402 1139 1484; baseline -0.002 -18"><span class='ocrx_word' id='word_1_111' title='bbox 142 1405 173 1466; x_wconf 90' lang='lat' dir='ltr'><strong>In</strong></span> <span class='ocrx_word' id='word_1_112' title='bbox 199 1406 339 1481; x_wconf 84' lang='lat' dir='ltr'><strong>ejusmodi</strong></span> <span class='ocrx_word' id='word_1_113' title='bbox 359 1423 427 1466; x_wconf 88' lang='lat' dir='ltr'><strong>casu</strong></span> <span class='ocrx_word' id='word_1_114' title='bbox 450 1407 540 1484; x_wconf 87' lang='lat' dir='ltr'><strong>prima</strong></span> <span class='ocrx_word' id='word_1_115' title='bbox 562 1407 684 1466; x_wconf 88' lang='lat' dir='ltr'><strong>omnium</strong></span> <span class='ocrx_word' id='word_1_116' title='bbox 705 1414 770 1466; x_wconf 87' lang='lat' dir='ltr'><strong>eunt</strong></span> <span class='ocrx_word' id='word_1_117' title='bbox 792 1407 874 1482; x_wconf 89' lang='lat' dir='ltr'><strong>quies</strong></span> <span class='ocrx_word' id='word_1_118' title='bbox 899 1413 928 1462; x_wconf 89' lang='lat' dir='ltr'><strong>et</strong></span> <span class='ocrx_word' id='word_1_119' title='bbox 954 1402 1139 1464; x_wconf 84' lang='lat' dir='ltr'><strong>abstinentia.</strong></span> 
     </span>
     <span class='ocr_line' id='line_1_16' title="bbox 141 1487 1162 1569; baseline -0.011 -19"><span class='ocrx_word' id='word_1_120' title='bbox 141 1490 224 1568; x_wconf 69' lang='lat' dir='ltr'><strong>Ergo</strong></span> <span class='ocrx_word' id='word_1_121' title='bbox 238 1492 328 1569; x_wconf 91' lang='lat' dir='ltr'><strong>primo</strong></span> <span class='ocrx_word' id='word_1_122' title='bbox 351 1489 413 1566; x_wconf 91' lang='lat' dir='ltr'><strong>die,</strong></span> <span class='ocrx_word' id='word_1_123' title='bbox 435 1489 504 1552; x_wconf 90' lang='lat' dir='ltr'><strong>loco</strong></span> <span class='ocrx_word' id='word_1_124' title='bbox 526 1489 651 1550; x_wconf 88' lang='lat' dir='ltr'><strong>obscuro</strong></span> <span class='ocrx_word' id='word_1_125' title='bbox 673 1488 780 1549; x_wconf 86' lang='lat' dir='ltr'><strong>cubare</strong></span> <span class='ocrx_word' id='word_1_126' title='bbox 800 1487 890 1548; x_wconf 87' lang='lat' dir='ltr'><strong>debet</strong></span> <span class='ocrx_word' id='word_1_127' title='bbox 912 1489 971 1562; x_wconf 90' lang='lat' dir='ltr'><strong>sic,</strong></span> <span class='ocrx_word' id='word_1_128' title='bbox 996 1497 1027 1547; x_wconf 89' lang='lat' dir='ltr'><strong>ut</strong></span> <span class='ocrx_word' id='word_1_129' title='bbox 1049 1503 1162 1546; x_wconf 85' lang='lat' dir='ltr'><strong>aser-c</strong></span> 
     </span>
     <span class='ocr_line' id='line_1_17' title="bbox 141 1571 1140 1652; baseline -0.006 -18"><span class='ocrx_word' id='word_1_130' title='bbox 141 1592 226 1634; x_wconf 88' lang='lat' dir='ltr'><strong>mone</strong></span> <span class='ocrx_word' id='word_1_131' title='bbox 253 1591 369 1652; x_wconf 87' lang='lat' dir='ltr'><strong>quoque</strong></span> <span class='ocrx_word' id='word_1_132' title='bbox 393 1572 550 1642; x_wconf 88' lang='lat' dir='ltr'><strong>abstineat;</strong></span> <span class='ocrx_word' id='word_1_133' title='bbox 583 1573 689 1634; x_wconf 92' lang='lat' dir='ltr'><strong>nullum</strong></span> <span class='ocrx_word' id='word_1_134' title='bbox 716 1572 809 1632; x_wconf 91' lang='lat' dir='ltr'><strong>cibum</strong></span> <span class='ocrx_word' id='word_1_135' title='bbox 833 1589 997 1639; x_wconf 90' lang='lat' dir='ltr'><strong>assumere;</strong></span> <span class='ocrx_word' id='word_1_136' title='bbox 1030 1572 1057 1630; x_wconf 91' lang='lat' dir='ltr'><strong>si</strong></span> <span class='ocrx_word' id='word_1_137' title='bbox 1084 1571 1140 1630; x_wconf 86' lang='lat' dir='ltr'><strong>lieri</strong></span> 
     </span>
     <span class='ocr_line' id='line_1_18' title="bbox 142 1653 1139 1738; baseline -0.007 -19"><span class='ocrx_word' id='word_1_138' title='bbox 142 1668 256 1738; x_wconf 83' lang='lat' dir='ltr'><strong>potest,</strong></span> <span class='ocrx_word' id='word_1_139' title='bbox 278 1675 315 1716; x_wconf 91' lang='lat' dir='ltr'><strong>ne</strong></span> <span class='ocrx_word' id='word_1_140' title='bbox 335 1673 438 1733; x_wconf 88' lang='lat' dir='ltr'><strong>equam</strong></span> <span class='ocrx_word' id='word_1_141' title='bbox 454 1657 584 1735; x_wconf 91' lang='lat' dir='ltr'><strong>quidem;</strong></span> <span class='ocrx_word' id='word_1_142' title='bbox 606 1658 650 1716; x_wconf 88' lang='lat' dir='ltr'><strong>sin</strong></span> <span class='ocrx_word' id='word_1_143' title='bbox 664 1653 771 1732; x_wconf 84' lang='lat' dir='ltr'><strong>miuus,</strong></span> <span class='ocrx_word' id='word_1_144' title='bbox 798 1665 877 1728; x_wconf 79' lang='lat' dir='ltr'><strong>certe</strong></span> <span class='ocrx_word' id='word_1_145' title='bbox 893 1673 978 1734; x_wconf 88' lang='lat' dir='ltr'><strong>quam</strong></span> <span class='ocrx_word' id='word_1_146' title='bbox 996 1655 1139 1714; x_wconf 87' lang='lat' dir='ltr'><strong>minimum</strong></span> 
     </span>
     <span class='ocr_line' id='line_1_19' title="bbox 142 1738 1138 1816; baseline -0.002 -18"><span class='ocrx_word' id='word_1_147' title='bbox 142 1743 214 1816; x_wconf 84' lang='lat' dir='ltr'><strong>ejus.</strong></span> <span class='ocrx_word' id='word_1_148' title='bbox 244 1740 329 1814; x_wconf 82' lang='lat' dir='ltr'><strong>Quod</strong></span> <span class='ocrx_word' id='word_1_149' title='bbox 345 1743 368 1798; x_wconf 90' lang='lat' dir='ltr'><strong>si</strong></span> <span class='ocrx_word' id='word_1_150' title='bbox 383 1759 490 1816; x_wconf 84' lang='lat' dir='ltr'><strong>graves</strong></span> <span class='ocrx_word' id='word_1_151' title='bbox 505 1739 623 1800; x_wconf 89' lang='lat' dir='ltr'><strong>dolores</strong></span> <span class='ocrx_word' id='word_1_152' title='bbox 640 1749 721 1815; x_wconf 87' lang='lat' dir='ltr'><strong>sunt,</strong></span> <span class='ocrx_word' id='word_1_153' title='bbox 739 1739 916 1800; x_wconf 85' lang='lat' dir='ltr'><strong>oommodius</strong></span> <span class='ocrx_word' id='word_1_154' title='bbox 931 1738 1066 1798; x_wconf 83' lang='lat' dir='ltr'><strong>secundo</strong></span> <span class='ocrx_word' id='word_1_155' title='bbox 1084 1739 1138 1804; x_wconf 87' lang='lat' dir='ltr'><strong>dic;</strong></span> 
     </span>
     <span class='ocr_line' id='line_1_20' title="bbox 142 1823 1137 1903; baseline -0.002 -21"><span class='ocrx_word' id='word_1_156' title='bbox 142 1827 165 1884; x_wconf 84' lang='lat' dir='ltr'><strong>sl</strong></span> <span class='ocrx_word' id='word_1_157' title='bbox 186 1832 278 1882; x_wconf 88' lang='lat' dir='ltr'><strong>tamen</strong></span> <span class='ocrx_word' id='word_1_158' title='bbox 300 1833 463 1901; x_wconf 79' lang='lat' dir='ltr'><strong>resurget,</strong></span> <span class='ocrx_word' id='word_1_159' title='bbox 486 1824 571 1903; x_wconf 80' lang='lat' dir='ltr'><strong>etiam</strong></span> <span class='ocrx_word' id='word_1_160' title='bbox 589 1826 680 1902; x_wconf 91' lang='lat' dir='ltr'><strong>primo</strong></span> <span class='ocrx_word' id='word_1_161' title='bbox 698 1826 816 1902; x_wconf 80' lang='lat' dir='ltr'><strong>sanguis</strong></span> <span class='ocrx_word' id='word_1_162' title='bbox 832 1823 986 1884; x_wconf 86' lang='lat' dir='ltr'><strong>mittendus</strong></span> <span class='ocrx_word' id='word_1_163' title='bbox 1006 1831 1069 1890; x_wconf 70' lang='lat' dir='ltr'><strong>est:</strong></span> <span class='ocrx_word' id='word_1_164' title='bbox 1094 1824 1137 1880; x_wconf 90' lang='lat' dir='ltr'><strong>uti·</strong></span> 
     </span>
     <span class='ocr_line' id='line_1_21' title="bbox 142 1906 1160 1986; baseline -0.003 -20"><span class='ocrx_word' id='word_1_165' title='bbox 142 1924 198 1985; x_wconf 94' lang='lat' dir='ltr'><strong>que</strong></span> <span class='ocrx_word' id='word_1_166' title='bbox 222 1908 245 1964; x_wconf 91' lang='lat' dir='ltr'><strong>si</strong></span> <span class='ocrx_word' id='word_1_167' title='bbox 270 1906 297 1964; x_wconf 87' lang='lat' dir='ltr'><strong>io</strong></span> <span class='ocrx_word' id='word_1_168' title='bbox 323 1906 419 1966; x_wconf 83' lang='lat' dir='ltr'><strong>fronte</strong></span> <span class='ocrx_word' id='word_1_169' title='bbox 445 1925 537 1967; x_wconf 88' lang='lat' dir='ltr'><strong>venae</strong></span> <span class='ocrx_word' id='word_1_170' title='bbox 560 1917 683 1984; x_wconf 89' lang='lat' dir='ltr'><strong>tument,</strong></span> <span class='ocrx_word' id='word_1_171' title='bbox 714 1911 737 1967; x_wconf 86' lang='lat' dir='ltr'><strong>si</strong></span> <span class='ocrx_word' id='word_1_172' title='bbox 762 1910 842 1968; x_wconf 86' lang='lat' dir='ltr'><strong>firmo</strong></span> <span class='ocrx_word' id='word_1_173' title='bbox 867 1923 995 1986; x_wconf 89' lang='lat' dir='ltr'><strong>corpore</strong></span> <span class='ocrx_word' id='word_1_174' title='bbox 1020 1908 1160 1968; x_wconf 70' lang='lat' dir='ltr'><strong>materias</strong></span> 
     </span>
     <span class='ocr_line' id='line_1_22' title="bbox 142 1991 1137 2070; baseline -0.002 -20"><span class='ocrx_word' id='word_1_175' title='bbox 142 1999 284 2069; x_wconf 82' lang='lat' dir='ltr'><strong>superest.</strong></span> <span class='ocrx_word' id='word_1_176' title='bbox 326 1992 358 2050; x_wconf 89' lang='lat' dir='ltr'><strong>Si</strong></span> <span class='ocrx_word' id='word_1_177' title='bbox 379 2008 450 2051; x_wconf 87' lang='lat' dir='ltr'><strong>vero</strong></span> <span class='ocrx_word' id='word_1_178' title='bbox 471 1992 563 2050; x_wconf 88' lang='lat' dir='ltr'><strong>minor</strong></span> <span class='ocrx_word' id='word_1_179' title='bbox 584 1993 708 2070; x_wconf 88' lang='lat' dir='ltr'><strong>impetus</strong></span> <span class='ocrx_word' id='word_1_180' title='bbox 730 1993 822 2052; x_wconf 89' lang='lat' dir='ltr'><strong>minus</strong></span> <span class='ocrx_word' id='word_1_181' title='bbox 842 2009 938 2052; x_wconf 86' lang='lat' dir='ltr'><strong>acrem</strong></span> <span class='ocrx_word' id='word_1_182' title='bbox 960 1991 1137 2051; x_wconf 85' lang='lat' dir='ltr'><strong>curationem</strong></span> 
     </span>
     <span class='ocr_line' id='line_1_23' title="bbox 141 2073 1136 2152; baseline -0.004 -18"><span class='ocrx_word' id='word_1_183' title='bbox 141 2075 275 2152; x_wconf 88' lang='lat' dir='ltr'><strong>requirit,</strong></span> <span class='ocrx_word' id='word_1_184' title='bbox 304 2074 413 2149; x_wconf 82' lang='lat' dir='ltr'><strong>aluum,</strong></span> <span class='ocrx_word' id='word_1_185' title='bbox 448 2076 500 2138; x_wconf 91' lang='lat' dir='ltr'><strong>sed</strong></span> <span class='ocrx_word' id='word_1_186' title='bbox 525 2079 640 2137; x_wconf 88' lang='lat' dir='ltr'><strong>nonnisi</strong></span> <span class='ocrx_word' id='word_1_187' title='bbox 677 2074 806 2136; x_wconf 87' lang='lat' dir='ltr'><strong>secundo</strong></span> <span class='ocrx_word' id='word_1_188' title='bbox 833 2077 957 2136; x_wconf 83' lang='lat' dir='ltr'><strong>tertiove</strong></span> <span class='ocrx_word' id='word_1_189' title='bbox 977 2073 1045 2148; x_wconf 93' lang='lat' dir='ltr'><strong>die,</strong></span> <span class='ocrx_word' id='word_1_190' title='bbox 1077 2073 1136 2134; x_wconf 89' lang='lat' dir='ltr'><strong>duci</strong></span> 
     </span>
     <span class='ocr_line' id='line_1_24' title="bbox 141 2157 1135 2236; baseline -0.002 -18"><span class='ocrx_word' id='word_1_191' title='bbox 141 2166 267 2236; x_wconf 89' lang='lat' dir='ltr'><strong>oportet.</strong></span> <span class='ocrx_word' id='word_1_192' title='bbox 297 2158 336 2226; x_wconf 83' lang='lat' dir='ltr'><strong>At</strong></span> <span class='ocrx_word' id='word_1_193' title='bbox 351 2158 463 2218; x_wconf 91' lang='lat' dir='ltr'><strong>modica</strong></span> <span class='ocrx_word' id='word_1_194' title='bbox 479 2159 661 2218; x_wconf 83' lang='lat' dir='ltr'><strong>inflammatio</strong></span> <span class='ocrx_word' id='word_1_195' title='bbox 677 2168 806 2219; x_wconf 90' lang='lat' dir='ltr'><strong>neutrum</strong></span> <span class='ocrx_word' id='word_1_196' title='bbox 824 2177 862 2218; x_wconf 82' lang='lat' dir='ltr'><strong>ex</strong></span> <span class='ocrx_word' id='word_1_197' title='bbox 877 2158 922 2218; x_wconf 88' lang='lat' dir='ltr'><strong>bis</strong></span> <span class='ocrx_word' id='word_1_198' title='bbox 937 2158 1078 2218; x_wconf 84' lang='lat' dir='ltr'><strong>auxilium</strong></span> <span class='ocrx_word' id='word_1_199' title='bbox 1093 2157 1135 2218; x_wconf 88' lang='lat' dir='ltr'><strong>de-</strong></span> 
     </span>
     <span class='ocr_line' id='line_1_25' title="bbox 140 2241 1134 2321; baseline -0.002 -21"><span class='ocrx_word' id='word_1_200' title='bbox 140 2241 261 2310; x_wconf 90' lang='lat' dir='ltr'><strong>siderat;</strong></span> <span class='ocrx_word' id='word_1_201' title='bbox 284 2242 412 2320; x_wconf 88' lang='lat' dir='ltr'><strong>satisque</strong></span> <span class='ocrx_word' id='word_1_202' title='bbox 432 2251 477 2302; x_wconf 89' lang='lat' dir='ltr'><strong>cst</strong></span> <span class='ocrx_word' id='word_1_203' title='bbox 491 2244 530 2302; x_wconf 92' lang='lat' dir='ltr'><strong>uti</strong></span> <span class='ocrx_word' id='word_1_204' title='bbox 546 2245 642 2321; x_wconf 91' lang='lat' dir='ltr'><strong>quiete</strong></span> <span class='ocrx_word' id='word_1_205' title='bbox 660 2252 689 2303; x_wconf 91' lang='lat' dir='ltr'><strong>et</strong></span> <span class='ocrx_word' id='word_1_206' title='bbox 703 2242 885 2304; x_wconf 85' lang='lat' dir='ltr'><strong>abstinentia.</strong></span> <span class='ocrx_word' id='word_1_207' title='bbox 922 2242 1029 2320; x_wconf 90' lang='lat' dir='ltr'><strong>Neque</strong></span> <span class='ocrx_word' id='word_1_208' title='bbox 1045 2251 1134 2302; x_wconf 88' lang='lat' dir='ltr'><strong>tamen</strong></span> 
     </span>
     <span class='ocr_line' id='line_1_26' title="bbox 139 2325 1157 2403; baseline -0.001 -20"><span class='ocrx_word' id='word_1_209' title='bbox 139 2329 167 2384; x_wconf 90' lang='lat' dir='ltr'><strong>in</strong></span> <span class='ocrx_word' id='word_1_210' title='bbox 189 2325 374 2402; x_wconf 82' lang='lat' dir='ltr'><strong>lippientibus</strong></span> <span class='ocrx_word' id='word_1_211' title='bbox 396 2326 513 2402; x_wconf 80' lang='lat' dir='ltr'><strong>longum</strong></span> <span class='ocrx_word' id='word_1_212' title='bbox 530 2327 670 2401; x_wconf 84' lang='lat' dir='ltr'><strong>jejunium</strong></span> <span class='ocrx_word' id='word_1_213' title='bbox 685 2327 881 2386; x_wconf 88' lang='lat' dir='ltr'><strong>necessarium</strong></span> <span class='ocrx_word' id='word_1_214' title='bbox 899 2335 957 2401; x_wconf 90' lang='lat' dir='ltr'><strong>est,</strong></span> <span class='ocrx_word' id='word_1_215' title='bbox 983 2344 1021 2384; x_wconf 91' lang='lat' dir='ltr'><strong>ne</strong></span> <span class='ocrx_word' id='word_1_216' title='bbox 1038 2327 1157 2403; x_wconf 77' lang='lat' dir='ltr'><strong>pituitae</strong></span> 
     </span>
     <span class='ocr_line' id='line_1_27' title="bbox 139 2409 1134 2486; baseline -0.001 -17"><span class='ocrx_word' id='word_1_217' title='bbox 139 2410 256 2469; x_wconf 88' lang='lat' dir='ltr'><strong>tenuior</strong></span> <span class='ocrx_word' id='word_1_218' title='bbox 273 2417 358 2486; x_wconf 88' lang='lat' dir='ltr'><strong>atque</strong></span> <span class='ocrx_word' id='word_1_219' title='bbox 382 2411 476 2470; x_wconf 91' lang='lat' dir='ltr'><strong>acrior</strong></span> <span class='ocrx_word' id='word_1_220' title='bbox 499 2409 560 2469; x_wconf 85' lang='lat' dir='ltr'><strong>liat:</strong></span> <span class='ocrx_word' id='word_1_221' title='bbox 590 2410 644 2470; x_wconf 91' lang='lat' dir='ltr'><strong>sed</strong></span> <span class='ocrx_word' id='word_1_222' title='bbox 668 2411 795 2470; x_wconf 88' lang='lat' dir='ltr'><strong>secundo</strong></span> <span class='ocrx_word' id='word_1_223' title='bbox 822 2411 869 2470; x_wconf 87' lang='lat' dir='ltr'><strong>die</strong></span> <span class='ocrx_word' id='word_1_224' title='bbox 898 2410 958 2470; x_wconf 86' lang='lat' dir='ltr'><strong>deri</strong></span> <span class='ocrx_word' id='word_1_225' title='bbox 983 2409 1075 2469; x_wconf 86' lang='lat' dir='ltr'><strong>debet</strong></span> <span class='ocrx_word' id='word_1_226' title='bbox 1101 2409 1134 2484; x_wconf 89' lang='lat' dir='ltr'><strong>id,</strong></span> 
     </span>
     <span class='ocr_line' id='line_1_28' title="bbox 141 2491 1135 2573; baseline 0.002 -23"><span class='ocrx_word' id='word_1_227' title='bbox 141 2491 217 2568; x_wconf 94' lang='lat' dir='ltr'><strong>quod</strong></span> <span class='ocrx_word' id='word_1_228' title='bbox 239 2491 415 2552; x_wconf 89' lang='lat' dir='ltr'><strong>levissimum</strong></span> <span class='ocrx_word' id='word_1_229' title='bbox 437 2492 527 2552; x_wconf 88' lang='lat' dir='ltr'><strong>videri</strong></span> <span class='ocrx_word' id='word_1_230' title='bbox 551 2503 648 2571; x_wconf 89' lang='lat' dir='ltr'><strong>potest</strong></span> <span class='ocrx_word' id='word_1_231' title='bbox 663 2513 701 2552; x_wconf 83' lang='lat' dir='ltr'><strong>ex</strong></span> <span class='ocrx_word' id='word_1_232' title='bbox 717 2495 768 2569; x_wconf 91' lang='lat' dir='ltr'><strong>iis,</strong></span> <span class='ocrx_word' id='word_1_233' title='bbox 791 2512 866 2573; x_wconf 87' lang='lat' dir='ltr'><strong>quae</strong></span> <span class='ocrx_word' id='word_1_234' title='bbox 884 2495 1013 2572; x_wconf 84' lang='lat' dir='ltr'><strong>pituitam</strong></span> <span class='ocrx_word' id='word_1_235' title='bbox 1030 2494 1135 2554; x_wconf 85' lang='lat' dir='ltr'><strong>iaciunt</strong></span> 
     </span>
     <span class='ocr_line' id='line_1_29' title="bbox 140 2575 1133 2653; baseline 0.002 -20"><span class='ocrx_word' id='word_1_236' title='bbox 140 2575 327 2640; x_wconf 63' lang='lat' dir='ltr'><strong>crassiorem</strong></span> <span class='ocrx_word' id='word_1_237' title='bbox 362 2575 455 2652; x_wconf 87' lang='lat' dir='ltr'><strong>qualia</strong></span> <span class='ocrx_word' id='word_1_238' title='bbox 483 2585 546 2635; x_wconf 91' lang='lat' dir='ltr'><strong>sunt</strong></span> <span class='ocrx_word' id='word_1_239' title='bbox 570 2595 625 2636; x_wconf 90' lang='lat' dir='ltr'><strong>ova</strong></span> <span class='ocrx_word' id='word_1_240' title='bbox 648 2577 779 2638; x_wconf 89' lang='lat' dir='ltr'><strong>sorbilia:</strong></span> <span class='ocrx_word' id='word_1_241' title='bbox 813 2580 837 2636; x_wconf 91' lang='lat' dir='ltr'><strong>si</strong></span> <span class='ocrx_word' id='word_1_242' title='bbox 857 2579 950 2636; x_wconf 90' lang='lat' dir='ltr'><strong>minor</strong></span> <span class='ocrx_word' id='word_1_243' title='bbox 972 2580 1017 2636; x_wconf 86' lang='lat' dir='ltr'><strong>vis</strong></span> <span class='ocrx_word' id='word_1_244' title='bbox 1043 2586 1133 2653; x_wconf 82' lang='lat' dir='ltr'><strong>urget,</strong></span> 
     </span>
     <span class='ocr_line' id='line_1_30' title="bbox 139 2656 1133 2739; baseline 0.004 -25"><span class='ocrx_word' id='word_1_245' title='bbox 139 2656 278 2734; x_wconf 78' lang='lat' dir='ltr'><strong>pulticula</strong></span> <span class='ocrx_word' id='word_1_246' title='bbox 296 2674 427 2735; x_wconf 91' lang='lat' dir='ltr'><strong>quoquc,</strong></span> <span class='ocrx_word' id='word_1_247' title='bbox 445 2667 492 2717; x_wconf 86' lang='lat' dir='ltr'><strong>aut</strong></span> <span class='ocrx_word' id='word_1_248' title='bbox 509 2662 591 2738; x_wconf 85' lang='lat' dir='ltr'><strong>panis</strong></span> <span class='ocrx_word' id='word_1_249' title='bbox 607 2679 644 2720; x_wconf 85' lang='lat' dir='ltr'><strong>ex</strong></span> <span class='ocrx_word' id='word_1_250' title='bbox 658 2660 744 2720; x_wconf 87' lang='lat' dir='ltr'><strong>lactc.</strong></span> <span class='ocrx_word' id='word_1_251' title='bbox 779 2661 1063 2739; x_wconf 81' lang='lat' dir='ltr'><strong>Insequentibusque</strong></span> <span class='ocrx_word' id='word_1_252' title='bbox 1080 2661 1133 2720; x_wconf 83' lang='lat' dir='ltr'><strong>die</strong></span> 
     </span>
     <span class='ocr_line' id='line_1_31' title="bbox 138 2741 1157 2821; baseline -0.002 -19"><span class='ocrx_word' id='word_1_253' title='bbox 138 2741 208 2816; x_wconf 89' lang='lat' dir='ltr'><strong>bus,</strong></span> <span class='ocrx_word' id='word_1_254' title='bbox 233 2749 366 2817; x_wconf 88' lang='lat' dir='ltr'><strong>quantum</strong></span> <span class='ocrx_word' id='word_1_255' title='bbox 387 2741 597 2804; x_wconf 83' lang='lat' dir='ltr'><strong>inflammationi</strong></span> <span class='ocrx_word' id='word_1_256' title='bbox 618 2745 798 2821; x_wconf 83' lang='lat' dir='ltr'><strong>detrahetur,</strong></span> <span class='ocrx_word' id='word_1_257' title='bbox 826 2754 933 2806; x_wconf 88' lang='lat' dir='ltr'><strong>tantum</strong></span> <span class='ocrx_word' id='word_1_258' title='bbox 951 2745 1042 2819; x_wconf 84' lang='lat' dir='ltr'><strong>adjici</strong></span> <span class='ocrx_word' id='word_1_259' title='bbox 1063 2743 1157 2803; x_wconf 80' lang='lat' dir='ltr'><strong>cibiso</strong></span> 
     </span>
     <span class='ocr_line' id='line_1_32' title="bbox 138 2822 1133 2907; baseline 0.001 -23"><span class='ocrx_word' id='word_1_260' title='bbox 138 2825 259 2904; x_wconf 88' lang='lat' dir='ltr'><strong>poterit;</strong></span> <span class='ocrx_word' id='word_1_261' title='bbox 286 2822 338 2882; x_wconf 89' lang='lat' dir='ltr'><strong>sed</strong></span> <span class='ocrx_word' id='word_1_262' title='bbox 360 2828 478 2901; x_wconf 79' lang='lat' dir='ltr'><strong>generis</strong></span> <span class='ocrx_word' id='word_1_263' title='bbox 502 2827 647 2900; x_wconf 88' lang='lat' dir='ltr'><strong>ejusdem:</strong></span> <span class='ocrx_word' id='word_1_264' title='bbox 672 2830 769 2907; x_wconf 90' lang='lat' dir='ltr'><strong>utique</strong></span> <span class='ocrx_word' id='word_1_265' title='bbox 785 2838 817 2888; x_wconf 91' lang='lat' dir='ltr'><strong>ut</strong></span> <span class='ocrx_word' id='word_1_266' title='bbox 832 2828 902 2887; x_wconf 88' lang='lat' dir='ltr'><strong>nihil</strong></span> <span class='ocrx_word' id='word_1_267' title='bbox 920 2828 1045 2903; x_wconf 79' lang='lat' dir='ltr'><strong>salsum,</strong></span> <span class='ocrx_word' id='word_1_268' title='bbox 1068 2826 1133 2886; x_wconf 88' lang='lat' dir='ltr'><strong>nibil</strong></span> 
     </span>
     <span class='ocr_line' id='line_1_33' title="bbox 129 2907 1132 2990; baseline 0.001 -22"><span class='ocrx_word' id='word_1_269' title='bbox 129 2925 222 2984; x_wconf 57' lang='lat' dir='ltr'><strong>«acre,</strong></span> <span class='ocrx_word' id='word_1_270' title='bbox 243 2907 317 2966; x_wconf 88' lang='lat' dir='ltr'><strong>nibil</strong></span> <span class='ocrx_word' id='word_1_271' title='bbox 342 2910 454 2984; x_wconf 87' lang='lat' dir='ltr'><strong>exiis,</strong></span> <span class='ocrx_word' id='word_1_272' title='bbox 484 2928 557 2988; x_wconf 89' lang='lat' dir='ltr'><strong>quae</strong></span> <span class='ocrx_word' id='word_1_273' title='bbox 585 2921 757 2988; x_wconf 84' lang='lat' dir='ltr'><strong>extenuant,</strong></span> <span class='ocrx_word' id='word_1_274' title='bbox 786 2921 927 2980; x_wconf 65' lang='lat' dir='ltr'><strong>somatum</strong></span> <span class='ocrx_word' id='word_1_275' title='bbox 955 2911 1132 2990; x_wconf 81' lang='lat' dir='ltr'><strong>nihil-potui</strong></span> 
     </span>
     <span class='ocr_line' id='line_1_34' title="bbox 138 2992 1130 3072; baseline 0.002 -20"><span class='ocrx_word' id='word_1_276' title='bbox 138 3002 254 3070; x_wconf 87' lang='lat' dir='ltr'><strong>praeter</strong></span> <span class='ocrx_word' id='word_1_277' title='bbox 277 3011 387 3070; x_wconf 90' lang='lat' dir='ltr'><strong>aquam.</strong></span> <span class='ocrx_word' id='word_1_278' title='bbox 426 2992 463 3052; x_wconf 85' lang='lat' dir='ltr'><strong>Et</strong></span> <span class='ocrx_word' id='word_1_279' title='bbox 486 2996 578 3054; x_wconf 87' lang='lat' dir='ltr'><strong>victus</strong></span> <span class='ocrx_word' id='word_1_280' title='bbox 596 2995 709 3072; x_wconf 89' lang='lat' dir='ltr'><strong>quidem</strong></span> <span class='ocrx_word' id='word_1_281' title='bbox 725 2997 797 3056; x_wconf 91' lang='lat' dir='ltr'><strong>ratio</strong></span> <span class='ocrx_word' id='word_1_282' title='bbox 813 2996 878 3056; x_wconf 90' lang='lat' dir='ltr'><strong>talis</strong></span> <span class='ocrx_word' id='word_1_283' title='bbox 893 2997 1017 3070; x_wconf 75' lang='lat' dir='ltr'><strong>manime</strong></span> <span class='ocrx_word' id='word_1_284' title='bbox 1033 3013 1130 3054; x_wconf 88' lang='lat' dir='ltr'><strong>neces·</strong></span> 
     </span>
     <span class='ocr_line' id='line_1_35' title="bbox 138 3075 1129 3159; baseline 0.004 -26"><span class='ocrx_word' id='word_1_285' title='bbox 138 3078 212 3134; x_wconf 87' lang='lat' dir='ltr'><strong>saria</strong></span> <span class='ocrx_word' id='word_1_286' title='bbox 235 3085 290 3134; x_wconf 90' lang='lat' dir='ltr'><strong>est.</strong></span> <span class='ocrx_word' id='word_1_287' title='bbox 326 3075 458 3137; x_wconf 84' lang='lat' dir='ltr'><strong>Protinus</strong></span> <span class='ocrx_word' id='word_1_288' title='bbox 483 3086 576 3137; x_wconf 89' lang='lat' dir='ltr'><strong>autem</strong></span> <span class='ocrx_word' id='word_1_289' title='bbox 591 3081 684 3155; x_wconf 82' lang='lat' dir='ltr'><strong>&#39;primo</strong></span> <span class='ocrx_word' id='word_1_290' title='bbox 702 3080 748 3138; x_wconf 90' lang='lat' dir='ltr'><strong>die</strong></span> <span class='ocrx_word' id='word_1_291' title='bbox 765 3082 846 3140; x_wconf 90' lang='lat' dir='ltr'><strong>croci</strong></span> <span class='ocrx_word' id='word_1_292' title='bbox 862 3099 890 3159; x_wconf 93' lang='lat' dir='ltr'><strong>p.</strong></span> <span class='ocrx_word' id='word_1_293' title='bbox 905 3079 962 3158; x_wconf 84' lang='lat'><strong>)·(.</strong></span> <span class='ocrx_word' id='word_1_294' title='bbox 980 3093 1002 3138; x_wconf 88' lang='lat'><strong>1.</strong></span> <span class='ocrx_word' id='word_1_295' title='bbox 1021 3088 1052 3138; x_wconf 90' lang='lat' dir='ltr'><strong>et</strong></span> <span class='ocrx_word' id='word_1_296' title='bbox 1067 3080 1129 3138; x_wconf 85' lang='lat' dir='ltr'><strong>leri·</strong></span> 
     </span>
     <span class='ocr_line' id='line_1_36' title="bbox 137 3158 1155 3242; baseline 0.004 -26"><span class='ocrx_word' id='word_1_297' title='bbox 137 3175 190 3216; x_wconf 88' lang='lat' dir='ltr'><strong>nae</strong></span> <span class='ocrx_word' id='word_1_298' title='bbox 212 3158 350 3218; x_wconf 89' lang='lat' dir='ltr'><strong>candidae</strong></span> <span class='ocrx_word' id='word_1_299' title='bbox 372 3177 456 3237; x_wconf 88' lang='lat' dir='ltr'><strong>quam</strong></span> <span class='ocrx_word' id='word_1_300' title='bbox 477 3161 661 3222; x_wconf 88' lang='lat' dir='ltr'><strong>tenuissimae</strong></span> <span class='ocrx_word' id='word_1_301' title='bbox 684 3181 712 3240; x_wconf 93' lang='lat' dir='ltr'><strong>p.</strong></span> <span class='ocrx_word' id='word_1_302' title='bbox 730 3166 785 3242; x_wconf 90' lang='lat'><strong>)·(.</strong></span> <span class='ocrx_word' id='word_1_303' title='bbox 801 3177 836 3222; x_wconf 90' lang='lat'><strong>11.</strong></span> <span class='ocrx_word' id='word_1_304' title='bbox 861 3167 1002 3242; x_wconf 86' lang='lat' dir='ltr'><strong>excipere</strong></span> <span class='ocrx_word' id='word_1_305' title='bbox 1016 3169 1155 3240; x_wconf 75' lang='lat' dir='ltr'><strong>oportere</strong></span> 
     </span>
     <span class='ocr_line' id='line_1_37' title="bbox 137 3238 1127 3325; baseline 0.006 -27"><span class='ocrx_word' id='word_1_306' title='bbox 137 3241 184 3298; x_wconf 88' lang='lat' dir='ltr'><strong>ovi</strong></span> <span class='ocrx_word' id='word_1_307' title='bbox 206 3238 291 3315; x_wconf 87' lang='lat' dir='ltr'><strong>albo,</strong></span> <span class='ocrx_word' id='word_1_308' title='bbox 313 3241 406 3302; x_wconf 90' lang='lat' dir='ltr'><strong>donec</strong></span> <span class='ocrx_word' id='word_1_309' title='bbox 430 3243 524 3303; x_wconf 90' lang='lat' dir='ltr'><strong>mellis</strong></span> <span class='ocrx_word' id='word_1_310' title='bbox 550 3247 766 3306; x_wconf 83' lang='lat' dir='ltr'><strong>crassitudinem</strong></span> <span class='ocrx_word' id='word_1_311' title='bbox 788 3246 907 3306; x_wconf 85' lang='lat' dir='ltr'><strong>babeat:</strong></span> <span class='ocrx_word' id='word_1_312' title='bbox 929 3247 1014 3325; x_wconf 89' lang='lat' dir='ltr'><strong>idque</strong></span> <span class='ocrx_word' id='word_1_313' title='bbox 1034 3249 1061 3306; x_wconf 91' lang='lat' dir='ltr'><strong>in</strong></span> <span class='ocrx_word' id='word_1_314' title='bbox 1079 3247 1127 3306; x_wconf 92' lang='lat' dir='ltr'><strong>lin·</strong></span> 
     </span>
     <span class='ocr_line' id='line_1_38' title="bbox 136 3321 1126 3408; baseline 0.007 -27"><span class='ocrx_word' id='word_1_315' title='bbox 136 3321 244 3382; x_wconf 92' lang='lat' dir='ltr'><strong>teolum</strong></span> <span class='ocrx_word' id='word_1_316' title='bbox 260 3321 391 3399; x_wconf 81' lang='lat' dir='ltr'><strong>illinere,</strong></span> <span class='ocrx_word' id='word_1_317' title='bbox 409 3335 437 3386; x_wconf 88' lang='lat' dir='ltr'><strong>et</strong></span> <span class='ocrx_word' id='word_1_318' title='bbox 452 3326 539 3386; x_wconf 87' lang='lat' dir='ltr'><strong>fronti</strong></span> <span class='ocrx_word' id='word_1_319' title='bbox 555 3328 752 3406; x_wconf 79' lang='lat' dir='ltr'><strong>agglutinare,</strong></span> <span class='ocrx_word' id='word_1_320' title='bbox 777 3337 819 3405; x_wconf 90' lang='lat' dir='ltr'><strong>ut,</strong></span> <span class='ocrx_word' id='word_1_321' title='bbox 844 3333 1022 3408; x_wconf 88' lang='lat' dir='ltr'><strong>compressis</strong></span> <span class='ocrx_word' id='word_1_322' title='bbox 1040 3331 1126 3404; x_wconf 86' lang='lat' dir='ltr'><strong>venis,</strong></span> 
     </span>
     <span class='ocr_line' id='line_1_39' title="bbox 136 3405 1125 3492; baseline 0.003 -24"><span class='ocrx_word' id='word_1_323' title='bbox 136 3407 255 3486; x_wconf 83' lang='lat' dir='ltr'><strong>pituitae</strong></span> <span class='ocrx_word' id='word_1_324' title='bbox 275 3405 409 3486; x_wconf 89' lang='lat' dir='ltr'><strong>impetum</strong></span> <span class='ocrx_word' id='word_1_325' title='bbox 437 3409 580 3471; x_wconf 88' lang='lat' dir='ltr'><strong>cohibeat.</strong></span> <span class='ocrx_word' id='word_1_326' title='bbox 625 3415 655 3472; x_wconf 89' lang='lat' dir='ltr'><strong>Si</strong></span> <span class='ocrx_word' id='word_1_327' title='bbox 675 3430 795 3472; x_wconf 88' lang='lat' dir='ltr'><strong>crocum</strong></span> <span class='ocrx_word' id='word_1_328' title='bbox 818 3424 959 3492; x_wconf 87' lang='lat' dir='ltr'><strong>nonest,</strong></span> <span class='ocrx_word' id='word_1_329' title='bbox 989 3425 1035 3474; x_wconf 89' lang='lat' dir='ltr'><strong>tus</strong></span> <span class='ocrx_word' id='word_1_330' title='bbox 1057 3413 1125 3472; x_wconf 90' lang='lat' dir='ltr'><strong>idem</strong></span> 
     </span>
    </p>
   </div>
   <div class='ocr_carea' id='block_1_3' title="bbox 0 0 1190 3896">
    <p class='ocr_par' dir='ltr' id='par_1_3' title="bbox 0 0 1190 3896">
     <span class='ocr_line' id='line_1_40' title="bbox 0 0 1190 3896; baseline 0 2"><span class='ocrx_word' id='word_1_331' title='bbox 0 0 1190 3896; x_wconf 95' lang='lat' dir='ltr'><strong> </strong></span> 
     </span>
    </p>
   </div>
   <div class='ocr_carea' id='block_1_4' title="bbox 1180 85 1202 3878">
    <p class='ocr_par' dir='ltr' id='par_1_4' title="bbox 1180 85 1202 3878">
     <span class='ocr_line' id='line_1_41' title="bbox 1180 85 1202 3878; baseline 0 0"><span class='ocrx_word' id='word_1_332' title='bbox 1180 85 1202 3878; x_wconf 95' lang='lat' dir='ltr'><strong> </strong></span> 
     </span>
    </p>
   </div>
  </div>
 </body>
</html>
