2392 3906
149 206 189 268 92
442 219 475 268 a.
492 219 521 267 c.
537 217 634 266 ceusu
648 213 840 264 annuemus

101 379 105 387 '
149 391 204 448 gua
220 389 337 450 aspera,
359 391 425 432 num
444 371 614 452 praecordia
634 372 739 429 intenta
761 371 826 428 sint.
855 367 887 427 Si
900 366 1004 444 capitis
1019 363 1144 424 dolores

149 465 227 530 sunt,
248 473 342 515 rosam
359 473 422 517 cum
440 466 523 516 aceto
544 456 666 514 miscere
687 461 817 532 oportet,
841 452 913 510 etin
936 449 964 508 id
986 450 1143 524 ingerere:

149 537 251 598 deinde
271 538 379 600 babere
387 539 444 599 duo
455 539 591 617 pittacia,
609 554 682 614 quae
701 536 802 596 ironiis
817 533 991 594 latitudinem
1013 531 1145 607 longitu-

149 622 300 700 dinemque
321 631 458 702 aequent3
480 639 517 681 ex
537 621 580 680 lits
605 620 726 678 invicem
748 619 867 678 alterum
882 617 910 676 in
926 623 1009 675 aceto
1028 622 1060 672 et
1075 629 1148 672 rusa

148 704 273 782 babere,
292 706 411 766 alterum
430 706 457 763 in
472 705 580 771 ironte;
600 711 646 762 aut
662 703 806 761 intinctam
822 700 922 760 iisdem
937 699 1032 758 lanam
1050 697 1167 756 succi-s

149 788 212 848 dam
226 790 384 867 imponere.
414 789 445 847 Si
458 796 570 846 acetum
592 786 727 860 offendit,
748 802 820 862 pura
840 801 908 844 rosa
925 781 1067 842 utendum
1088 789 1149 845 est:

149 873 255 936 siresa
276 874 338 950 ipsa
354 871 456 944 laedit,
477 869 544 930 eleo
559 867 675 930 acerbo.
708 869 738 928 Si
756 869 811 928 ista
831 883 930 945 parum
942 867 1071 940 juvant,
1093 863 1151 922 teri

149 963 244 1033 potest
259 955 305 1014 vel
324 955 373 1014 iris
392 953 486 1029 arida,
508 953 556 1012 vel
572 971 661 1012 nuces
677 968 806 1028 amarae,
820 950 868 1011 vel
886 948 1035 1028 quaelibet
1056 945 1151 1006 herba

55 1047 59 1060 ‘
148 1055 186 1096 ex
196 1037 450 1114 refrigerantibus:
467 1054 586 1114 quornm
598 1035 737 1114 quidlibet
750 1053 789 1093 ex
799 1043 883 1094 aceto
898 1034 1082 1110 impositum,
1099 1029 1151 1090 dc

148 1120 238 1180 lurem
247 1121 357 1188 minuit:
374 1118 425 1179 sed
442 1121 534 1196 magis
548 1119 624 1179 aliud
638 1122 666 1184 in
681 1119 748 1178 alio.
773 1118 859 1178 Juvat
874 1118 960 1176 etiam
974 1116 1065 1193 panis
1085 1131 1175 1172 eumn

149 1219 294 1280 papavere
314 1203 450 1277 injectum
475 1202 521 1262 uel
538 1221 601 1262 cum
614 1220 683 1261 rosa
699 1218 834 1275 cerussa,
857 1216 993 1278 spumave
1015 1198 1152 1274 argenti.

148 1284 283 1344 Olfacere
304 1303 420 1364 queque
436 1286 483 1345 vel
502 1286 676 1364 serpyllum,
698 1285 748 1345 vel
772 1284 919 1359 anethum,
941 1299 998 1341 nen
1015 1281 1153 1340 alienum

148 1377 202 1429 est.
232 1369 271 1428 Αι
287 1370 310 1428 si
325 1373 353 1428 in
372 1369 550 1448 praecordiis
567 1369 746 1428 inflammatio
763 1375 792 1426 et
806 1367 890 1427 dolor
906 1374 964 1441 est,
984 1365 1089 1443 prime
1109 1382 1153 1423 su-

148 1453 374 1536 perimponenda
397 1462 462 1513 sunt
492 1452 695 1531 cataplasmata
719 1452 918 1528 reprimentia;
947 1467 998 1525 ne,
1026 1449 1058 1508 si
1084 1447 1152 1508 cali·

147 1535 227 1596 diora
242 1537 363 1612 luerint,
379 1537 444 1616 plus
456 1554 492 1596 ee
508 1539 644 1596 materiae
661 1543 828 1595 concurrat:
848 1531 966 1608 deiude,
985 1531 1036 1590 ubi
1055 1534 1176 1610 primae

147 1620 326 1680 iullammatic
344 1638 376 1680 se
392 1621 513 1697 remisit,
534 1626 601 1678 tunc
619 1617 730 1678 demum
750 1617 786 1676 ad
807 1617 898 1677 calida
917 1625 946 1676 et
959 1615 1082 1676 humida
1104 1633 1151 1675 ve

147 1702 279 1762 ciendum
293 1713 352 1771 est;
368 1712 398 1762 ut
412 1720 464 1779 ea,
480 1720 553 1780 quae
565 1703 762 1777 remanserint,
775 1700 935 1760 discutiant.
958 1698 1060 1760 Notae
1080 1715 1151 1760 veru

147 1785 373 1845 inflammationis
394 1794 458 1845 sunt
479 1794 618 1864 quatuor,
639 1784 727 1844 rubor
742 1793 771 1844 et
785 1793 894 1859 tumor,
917 1800 979 1842 eum
996 1782 1111 1845 calore
1126 1789 1153 1842 et

148 1867 260 1930 delore.
294 1868 358 1944 Quo
379 1871 471 1945 magis
492 1869 598 1928 erravit
610 1868 815 1945 Erasistratus,
835 1868 883 1945 qui
903 1866 1013 1926 febrem
1037 1867 1151 1927 nullam

147 1953 209 2012 sine
231 1951 286 2011 bae
310 1971 376 2012 esse
399 1953 477 2018 dixit.
513 1949 594 2027 Ergo
615 1953 639 2010 si
661 1953 723 2011 sine
743 1951 961 2011 inflammatione
982 1949 1079 2010 dolor
1098 1959 1175 2025 est,m

56 2043 58 2048 '
147 2035 218 2095 nibil
239 2035 439 2113 imponendum
460 2043 519 2094 est:
543 2035 620 2094 hunc
640 2037 715 2096 enim
735 2036 829 2096 statim
846 2037 910 2112 ipsa
928 2032 1019 2093 febris
1038 2034 1152 2094 solvet.

147 2119 187 2178 At
204 2119 336 2197 sineque
353 2119 550 2195 inflammatIc,
574 2138 668 2196 neque
682 2119 791 2196 febris,
812 2119 863 2178 sed
882 2126 986 2177 tautum
1003 2135 1152 2195 praecor·

148 2203 256 2262 dicrum
273 2203 357 2263 dolor
371 2212 431 2281 est,
446 2205 576 2282 protinus
596 2203 695 2263 calidis
710 2213 739 2262 et
754 2203 840 2264 siccis
854 2201 988 2261 lomentis
1007 2202 1051 2260 nti
1072 2201 1152 2261 lieet.

148 2287 179 2346 Si
198 2304 269 2346 vero
285 2287 381 2364 lingna
396 2290 474 2347 sicce
491 2296 520 2346 et
533 2286 640 2346 scabra'
652 2295 712 2364 est,
734 2285 911 2363 detergenda
928 2286 1052 2362 primum
1070 2287 1152 2363 peni·
1194 2333 1195 2342 ,

148 2369 215 2429 cille
232 2379 328 2450 estex
343 2389 415 2448 aqua
432 2370 539 2431 calida:
562 2370 664 2430 deinde
680 2368 812 2447 ungenda
826 2368 921 2428 mixtis
935 2369 1009 2428 inter
1024 2385 1064 2426 se
1081 2386 1175 2429 resae

148 2461 177 2510 et
197 2453 292 2512 melle.
335 2454 392 2514 blel
415 2463 534 2532 purgat,
555 2469 624 2512 rosa
644 2453 786 2530 reprimit,
813 2452 952 2529 simulque
975 2453 1152 2512 siccescere

147 2551 205 2592 non
221 2537 295 2594 sinit.
324 2534 520 2595 suessonum
538 2543 670 2610 nonest,
690 2534 741 2594 sed
761 2533 855 2611 arida,
877 2533 925 2594 ubi
940 2534 1086 2614 penicillo
1102 2535 1150 2596 de
1193 2535 1195 2582 i

147 2624 224 2675 tersa
241 2626 300 2694 est,
316 2619 385 2694 ungi
399 2635 466 2678 rosa
482 2616 584 2693 debet,
601 2619 645 2676 cui
662 2635 747 2678 cerae
766 2619 879 2696 paulum
893 2620 930 2679 sit
945 2618 1106 2693 adjectum.

495 2851 698 2914 'CAPUT
736 2856 804 2916 XI.

367 2970 466 3022 Cunetio
479 2969 583 3036 frigoris
597 2973 664 3036 quod
675 2972 770 3024 iebrem
783 2974 918 3040 praecedit.
1134 3041 1142 3052 ι
1158 2984 1177 3024 tt

210 3123 292 3183 Solet
307 3124 390 3182 etiam
405 3131 471 3182 ante
487 3120 586 3182 iebres
602 3141 668 3182 esse
683 3123 790 3197 irigns;
808 3123 892 3202 idque
908 3123 956 3182 vel
972 3121 1148 3184 molestissi-

149 3222 222 3266 mum
239 3205 331 3266 morbi
346 3224 437 3283 genus
449 3215 503 3266 est.
531 3205 587 3266 Ubi
603 3208 629 3266 id
639 3215 836 3282 exspectatur,
846 3207 920 3266 omni
941 3208 1058 3286 potione
1076 3225 1148 3285 pre·

146 3288 286 3350 bibendus
303 3307 392 3366 aeger
406 3298 467 3349 est:
488 3289 561 3349 baec
577 3292 651 3348 enim
665 3291 751 3367 paule
770 3299 835 3349 ante
852 3290 916 3350 data
933 3290 1051 3350 multum
1066 3291 1148 3352 malo
1194 3357 1195 3374 χ

147 3373 253 3449 adjicit.
283 3373 354 3434 ltem
374 3375 508 3432 maturius
524 3382 606 3432 veste
619 3373 709 3432 multa
726 3373 868 3450 tegendus
884 3383 942 3443 est:
963 3373 1148 3435 admovenda
1193 3411 1194 3446 3

149 3458 276 3535 partibus
298 3459 350 3534 iis,
368 3473 421 3536 pre
440 3456 542 3534 quibus
563 3457 727 3533 metuimus,
750 3458 828 3515 sicca
852 3465 881 3516 et
902 3456 993 3524 calida
1015 3456 1174 3518 lomentaa
1193 3475 1194 3512 3
