2392 3906
152 219 192 278 54
453 227 845 279 a.c.csusrnuororueu

150 386 268 446 occasio
289 403 345 445 uon
367 383 521 445 omittenda
543 393 597 444 est.
635 383 710 444 Fere
735 385 817 444 etiam
838 385 892 444 ista
914 383 1073 457 medicina,
1099 381 1145 440 ubi

149 469 391 544 necessariorem,
415 469 443 527 in
459 467 573 528 biduum
588 465 740 527 dividenda
754 477 814 527 est:
831 469 920 528 satius
935 477 981 528 est
998 468 1072 526 enim
1091 469 1144 542 pri-

149 572 222 612 mum
242 552 341 612 levare
359 569 493 629 aegrum,
515 549 617 610 deiude
636 568 832 630 perpurgare,
856 568 941 630 quam
964 550 1047 610 simul
1071 552 1145 608 omui

149 639 176 695 vi
194 636 283 696 ellusa
297 636 423 696 fortasse
442 636 643 715 praecipitare.
672 634 792 710 Quodsi
806 637 834 694 iu
845 653 918 714 pure
932 651 1048 714 quoque
1059 651 1144 712 aqua·

150 739 205 798 que
219 738 291 800 quae
304 721 377 780 inter
393 728 484 780 cutem
499 727 553 794 ost,
568 721 606 777 ita
618 718 786 797 respondet,
799 727 905 798 quanto
919 721 1011 794 magis
1021 735 1165 777 necesses

149 813 193 864 est
205 806 231 863 in
244 805 383 882 sauguine
394 802 569 883 respondeat
580 802 634 881 (cl.
649 821 675 881 p.
689 802 758 864 491.
772 801 818 880 3).
843 803 916 864 blitti
929 819 1000 862 vero
1011 802 1036 860 is
1048 801 1145 876 debet,

148 889 172 948 si
190 890 277 948 totius
292 887 424 966 corporis
443 903 528 946 causa
544 887 585 961 lut,
604 904 642 945 ex
656 885 790 955 bruchio;
806 888 831 946 si
845 888 936 966 partis
951 886 1092 962 alicujus,
1111 903 1147 944 ex

148 991 182 1032 ea
198 976 261 1050 ipsa
277 981 370 1049 parte,
387 978 433 1030 aut
449 979 528 1030 certe
543 987 627 1049 quam
642 972 788 1050 proxima:
806 973 870 1049 quia
884 987 941 1030 uon
952 969 1059 1048 ubique
1075 971 1146 1028 mitti

148 1063 256 1134 potest,
266 1054 318 1113 sed
328 1057 354 1113 in
367 1053 554 1131 temporibus,
564 1055 592 1113 iu
602 1053 737 1129 brachiis,
749 1055 832 1130 juxta
845 1054 930 1114 talos.
950 1053 1052 1132 Neque
1063 1055 1147 1130 iguo·

147 1157 191 1214 ro,
204 1138 342 1218 quosdam
355 1137 464 1215 dicere,
479 1156 563 1218 quam
579 1138 748 1216 longissime
760 1139 926 1216 sanguinem
937 1137 1013 1214 inde,
1025 1136 1074 1196 ubi
1088 1137 1144 1198 lae·
1154 1153 1172 1192 n

147 1222 194 1298 dit,
209 1239 275 1280 esse
295 1221 475 1282 mittendum:
493 1225 535 1282 sic
551 1223 623 1282 enim
642 1225 732 1283 averti
750 1223 886 1282 materiae
904 1238 1033 1290 cursum;
1048 1230 1079 1280 at
1096 1219 1144 1280 illo

146 1305 232 1364 modo
247 1305 275 1364 in
291 1305 319 1364 id
336 1304 440 1382 ipsum,
452 1306 529 1386 quod
545 1316 666 1384 gravat,
687 1307 815 1366 evocari.
849 1304 908 1366 Sed
923 1305 952 1366 id
966 1304 1069 1365 laisum
1086 1313 1144 1364 est:
1192 1320 1193 1323 ¹

146 1390 305 1468 proximum
321 1391 395 1449 enim
410 1388 511 1460 locum.
518 1389 609 1470 primo
629 1389 775 1458 exhaurit:
798 1407 837 1450 ex
847 1387 1033 1449 ulterioribus
1051 1397 1146 1448 autem

147 1483 265 1533 eatenus
282 1475 399 1550 sanguis
414 1475 552 1554 sequitur,
576 1483 716 1553 quatenus
730 1475 879 1542 emittitur;
902 1471 950 1532 ubi
966 1475 990 1531 is
1005 1489 1145 1551 suppres-

147 1577 195 1617 sus
207 1565 268 1632 est,
291 1557 356 1636 quia
374 1574 431 1617 non
447 1558 583 1634 trahitur,
606 1576 642 1617 ne
659 1559 736 1619 venit
752 1557 875 1637 quidem.
905 1556 1027 1618 Videtur
1049 1565 1171 1616 tamenn

146 1660 215 1700 usus
233 1641 297 1718 ipse
313 1641 464 1718 docuisse,
482 1644 506 1701 si
521 1650 607 1719 caput
623 1641 743 1701 fractum
764 1649 825 1717 est,
845 1659 882 1700 ex
905 1640 1026 1700 brachio
1048 1642 1144 1719 potius

147 1726 314 1801 sanguinem
331 1743 396 1784 esse
410 1725 588 1794 mittendum
605 1726 628 1784 si
646 1724 722 1804 quod
737 1725 765 1784 in
780 1725 900 1786 bumero
918 1725 1015 1784 vitium
1033 1733 1091 1800 εει,
1109 1742 1145 1783 ex

147 1808 238 1868 altero
256 1807 392 1868 brachio:
412 1808 516 1883 credo,
535 1810 599 1887 quia
615 1810 638 1867 si
654 1809 720 1888 quid
736 1827 835 1886 parum
850 1809 988 1883 cesserit,
1005 1799 1157 1887 opportu'

146 1894 244 1951 niores
262 1909 314 1950 eae
332 1902 428 1969 partes
443 1894 648 1970 injuriae‘sunt,
664 1893 806 1972 quaejam
817 1893 892 1953 mule
903 1891 1020 1952 babent.
1049 1891 1146 1951 Aver-

146 1978 213 2034 titur
234 1993 349 2054 quoque
370 1976 509 2035 interdum
530 1979 663 2054 sanguis,
688 1977 736 2036 ubi
762 1977 817 2038 alia
839 1985 921 2056 parte
940 1989 1171 2055 prorumpentem

146 2060 201 2120 alia
218 2060 363 2120 emittitur:
380 2060 483 2120 desinit
500 2063 572 2120 enim
590 2061 681 2121 lluere
697 2079 751 2140 qua
765 2061 913 2138 nolumus,
934 2059 1000 2121 iude
1017 2059 1145 2136 objectis

118 2146 121 2152 '
146 2161 220 2222 quae
234 2142 417 2220 prohibeant,
435 2145 491 2205 alia
507 2145 573 2206 dato
588 2147 700 2206 itinere.

203 2227 316 2288 Mittere
339 2238 432 2289 autem
451 2232 619 2309 sanguinem
634 2231 769 2308 quamsit
783 2227 1030 2308 expeditissimum
1062 2247 1145 2290 usum

145 2311 278 2389 habenti,
293 2321 387 2374 tamen
401 2315 504 2392 ignaro
520 2313 716 2375 difficillimum
733 2320 791 2374 εει;
819 2315 921 2386 ¹iuncta
941 2311 1014 2372 enim
1032 2321 1080 2371 est
1095 2329 1144 2370 ve·

144 2415 198 2456 nae
215 2397 333 2472 arteria,
349 2396 393 2456 bis
408 2401 505 2458 nervi:
523 2400 575 2474 ita,
599 2398 623 2456 si
637 2414 755 2456 nervum
770 2393 929 2473 scalpellus
944 2395 1075 2471 attingit,
1101 2405 1171 2454 εε-ιι

144 2481 240 2556 quitur
255 2497 409 2541 nervorum
425 2480 575 2556 distentio,
595 2497 687 2556 eaque
702 2478 844 2537 homiuem
866 2477 1021 2539 crudeliter
1039 2495 1145 2538 consu·

143 2564 202 2620 mit.
230 2560 269 2620 At
291 2565 396 2621 arteria
418 2564 506 2622 incisa
523 2581 616 2640 neque
635 2564 709 2638 coit,
724 2579 819 2639 neque
842 2565 982 2629 sanescit:
1000 2563 1146 2622 interdum

144 2644 239 2716 etiam,
254 2651 285 2702 ut
299 2647 417 2720 sanguis
429 2644 614 2703 vehementer
628 2655 768 2725 erumpat,
786 2646 886 2708 elficit.
919 2647 1013 2727 lpsius
1025 2661 1146 2722 quoque

144 2744 246 2800 venae,
263 2727 286 2785 si
301 2727 378 2786 forte
394 2729 524 2806 praecisa
540 2736 595 2802 est,
611 2729 706 2806 capita
720 2733 952 2808 comprimuntur,
968 2745 1065 2805 neque
1079 2745 1145 2786 sau·

143 2811 259 2890 guinem
274 2813 412 2869 emittunt.
442 2810 481 2870 Αι
496 2811 519 2870 εἰ
535 2810 630 2870 timide
647 2807 809 2890 sc'alpellns'
822 2814 986 2887 demittitur,
1004 2827 1172 2870 summamuc

145 2905 238 2955 cutem
253 2893 380 2969 lacerat,
404 2913 497 2972 neque
514 2913 615 2954 venam
634 2895 739 2955 incidit.
772 2895 986 2973 Nonnumquam
1006 2897 1095 2954 etiam
1113 2911 1145 2952 ea

142 2979 221 3054 latet,
240 2996 334 3056 neque
349 2977 435 3038 facile
451 2979 604 3056 reperitur.
632 2977 674 3039 lta
689 2980 793 3040 multae
809 2998 857 3039 res
871 2978 899 3038 id
914 2978 1033 3038 difficile
1049 2979 1146 3038 inscio

62 3066 65 3073 '
142 3063 264 3138 iaciunt,
286 3061 363 3139 quod
384 3065 477 3139 perito
497 3062 660 3124 facillimum
686 3073 739 3124 est.
784 3063 935 3122 Incidenda
959 3061 995 3122 ad
1017 3061 1146 3121 medium

142 3163 216 3203 vena
231 3155 291 3204 est:
314 3165 351 3204 ex
372 3164 426 3224 qua
443 3165 526 3226 quum
547 3149 664 3224 sanguis
681 3149 815 3225 erumpit,
839 3146 967 3206 colorem
983 3147 1048 3222 ejus
1063 3144 1145 3206 habi·

142 3237 257 3306 tumque
287 3239 402 3306 oportet
422 3231 586 3300 attendere;
617 3250 681 3292 nam
705 3233 728 3290 si
748 3232 772 3290 is
794 3249 907 3291 crassus
929 3239 957 3290 et
977 3231 1065 3308 niger
1087 3237 1144 3301 est,
1153 3249 1174 3289 aa

142 3313 263 3371 vitiosus
279 3322 336 3380 εει;
354 3315 478 3394 ideoque
495 3316 602 3376 utiliter
617 3315 783 3382 effunditur;
809 3316 832 3374 si
850 3313 934 3373 rubet
952 3322 981 3373 ει
997 3313 1143 3392 pellucet,

142 3398 256 3474 integer
279 3407 351 3478 εει;1
367 3413 457 3477 eaque
481 3401 580 3460 missio
601 3401 746 3477 sanguinis
769 3398 842 3458 adeo
865 3416 922 3457 non
947 3397 1083 3475 prodest,
1115 3403 1145 3453 ut

144 3481 228 3542 etiam
243 3491 361 3544 noceat:
379 3484 566 3561 protinusque
587 3485 611 3543 is
629 3481 847 3562 supprimendus
864 3489 917 3541 est.
950 3481 1009 3542 Sed
1026 3467 1057 3540 id
1072 3496 1142 3540 eve·
