2384 3896
198 761 202 766 ,
276 771 296 798 „
416 689 461 761 A.
478 681 888 760 ooouounouusr

183 807 444 946 roururu
476 855 682 936 morou
713 795 1124 936 u'uou'orrrus

607 1028 687 1068 mnu

413 1151 671 1219 MEDICINAE
703 1150 887 1216 SEXTUS.

526 1463 711 1524 CAPUT
743 1463 769 1520 I.

371 1588 407 1638 De
424 1587 492 1636 vitiis
510 1586 669 1660 singulorum
684 1584 798 1650 corporis
815 1567 933 1648 portioni.

218 1739 283 1798 Dixi
299 1738 335 1798 do
351 1739 385 1797 iis
404 1738 496 1813 vitiis,
517 1755 608 1814 quae,
630 1745 787 1814 percorum
805 1753 912 1813 corpus
931 1735 1078 1810 orientia,
1094 1751 1145 1791 ruo

155 1823 379 1883 uioumenuorum
395 1821 500 1882 auxilia
516 1821 699 1880 desiderunt:
722 1839 797 1880 nuno
814 1819 849 1880 od
864 1836 901 1877 eu
918 1818 1054 1892 veniam,
1079 1834 1145 1896 quoe

154 1923 212 1966 nou
236 1907 289 1965 uisi
314 1907 341 1964 iu
365 1904 485 1983 singulis
508 1904 638 1984 portibus
662 1904 791 1964 incidero
815 1911 1007 1978 consuerunt,
1032 1915 1161 1961 orsusuu

156 1989 261 2067 cupito.
285 1988 317 2049 Iu
331 1988 388 2048 hoc
403 1990 489 2066 igitur
502 1987 616 2065 cupillis
628 1988 780 2048 fluentibus
793 1988 915 2046 maxime
930 1984 1047 2063 quidem
1062 2002 1146 2062 saepe

155 2073 284 2134 radendo
308 2073 493 2132 succurritur.
530 2071 640 2148 Adjicit
657 2081 751 2132 autem
768 2073 822 2131 vim
839 2069 988 2149 quomdam
1004 2069 1042 2129 ud
1061 2071 1145 2140 couti·

155 2158 277 2218 noudum
304 2156 436 2216 ladanum
464 2174 527 2215 oum
554 2156 623 2214 oleo
645 2159 771 2218 mixtum.
808 2154 891 2214 Nuuo
914 2154 951 2213 do
973 2154 1009 2212 iis
1033 2153 1146 2232 capillis

155 2241 276 2319 loquor,
292 2241 340 2318 qui
355 2248 423 2320 posi
439 2238 568 2298 morbum
580 2239 643 2298 iere
656 2239 753 2300 fluunt.
778 2238 868 2315 Nam,
886 2239 1052 2316 quominus
1067 2245 1162 2317 caput·¹

156 2325 325 2403 quibusdum
343 2333 439 2385 aetate
458 2323 595 2399 nudetur,
613 2324 742 2383 succurri
758 2324 838 2384 nullo
854 2322 939 2382 modo
961 2330 1073 2400 potest.
1152 2341 1168 2378 o

522 2523 623 2583 CAP
636 2523 665 2584 U
678 2524 706 2582 Τ
738 2523 788 2582 ΙΙ.

555 2641 591 2690 De
607 2642 746 2706 porrigine.

217 2774 341 2852 Porrigo
365 2783 534 2852 autument,
560 2777 607 2837 ubi
625 2779 699 2837 iuter
715 2779 793 2857 pilos
807 2778 949 2857 quaedum
965 2778 1048 2856 quusi
1068 2795 1146 2856 squr-
1174 2775 1177 2782 ⁴

154 2860 250 2922 muiue
264 2868 401 2938 surgunt,
424 2878 537 2940 eaeque
553 2881 570 2922 a
586 2871 652 2922 oute
668 2862 866 2930 resolvuntur:
886 2871 916 2922 ei
932 2861 1079 2922 interdum
1094 2858 1145 2920 uri·

155 2946 240 3022 doni,
260 2945 350 3006 multo
374 2947 491 3024 saepius
512 2947 610 3005 oioooe
633 2955 707 3006 suut.
743 2946 834 3025 quue
856 2947 952 3006 evenit
973 2946 1063 3005 modo
1089 2946 1170 3004 sinuo

155 3029 271 3106 uicere,
301 3030 388 3090 modo
415 3029 585 3089 exulcerato
611 3029 695 3091 looo:
729 3030 795 3090 huio
819 3030 1048 3109 quoquomodo
1072 3028 1145 3088 malo

155 3111 265 3187 odore,
290 3114 377 3172 modo
399 3113 479 3173 uuilo
503 3113 671 3174 uooedento.
715 3113 851 3192 Feroque
873 3113 951 3172 idio
973 3113 1085 3191 capilio
1108 3113 1146 3185 iit,

155 3195 249 3252 ruriuo
274 3195 302 3253 in
324 3195 434 3272 barbo,
461 3197 613 3274 aliquando
635 3199 719 3258 ouium
740 3201 769 3258 iu
791 3197 967 3277 supercilio:
996 3215 1033 3257 uo
1052 3213 1147 3274 neque

156 3277 218 3334 siue
236 3276 332 3353 aliquo
349 3279 420 3338 vitio
437 3281 569 3357 oorporis
585 3283 729 3357 nuscitur,
745 3299 840 3360 oeque
853 3299 890 3342 ox
901 3290 964 3340 toto
976 3281 1082 3340 inutile
1095 3287 1144 3340 est.

154 3357 227 3420 Nutu
243 3358 318 3420 berre
333 3361 448 3438 integro
464 3365 560 3442 cupito
578 3381 635 3424 nou
653 3366 728 3424 exit:
750 3363 799 3424 ubi
813 3365 930 3444 aliquod
946 3366 975 3424 io
993 3382 1031 3426 eo
1048 3366 1169 3425 vitiumo

156 3453 217 3520 est,
246 3460 304 3504 non
328 3445 538 3509 incommodum
560 3457 606 3508 est
631 3465 767 3509 summam
788 3459 882 3510 cutem
904 3451 1001 3527 potius
1026 3447 1144 3510 subinde
