2372 3892
154 165 215 230 206
447 175 851 229 u.c.cnus1unnrenmn

153 333 275 414 septimo
290 331 337 394 die
352 331 519 410 glutinatum
540 342 594 394 est.
622 333 695 394 Tum
710 340 824 394 summe
840 331 945 406 eximi,
967 339 996 389 et
1012 330 1093 390 nicus
1105 330 1131 389 ad

153 419 301 479 sanitatem
320 417 438 496 perduci
452 417 550 478 debet.

518 583 619 646 OAP
631 585 661 644 U
673 584 701 642 'I'
735 584 776 642 X.
830 589 833 596 ’

569 695 605 744 De
617 695 719 761 polypo.

215 833 354 911 Polypum
370 847 451 907 vero,
469 832 559 910 quiin
575 830 690 890 naribus
708 831 832 890 nascitur
849 829 896 909 (P.
913 829 993 905 Aeg.
1007 829 1065 905 vl,
1079 829 1150 906 2an

153 919 231 979 ferro
246 917 403 996 praecipue
421 916 582 989 curariJ'am
604 916 674 974 alias
697 915 780 992 posui
799 913 866 993 (vl,
882 912 928 990 8).
959 912 1048 990 Ergo
1075 913 1139 972 lrnnc

152 1002 326 1062 ferramento
348 1007 449 1072 acuto,
477 999 505 1056 in
526 997 638 1058 modum
663 997 783 1076 spathae
804 998 897 1072 iacto,
927 997 1138 1056 resolverent

153 1101 223 1144 osse
244 1089 376 1160 oportet:
400 1080 523 1142 adhibita
544 1081 708 1158 diligentia,
730 1099 766 1140 ne
787 1081 859 1139 inira
882 1080 1032 1156 cartilago
1054 1080 1140 1140 leeda—

152 1177 211 1232 tur;
234 1167 262 1224 iu
285 1182 340 1242 qua
362 1163 487 1225 diiieiiis
509 1168 617 1226 curatio
641 1175 696 1226 εει.
721 1165 777 1226 Ubi
803 1163 952 1223 abscissus
979 1173 1046 1240 εει,
1076 1182 1141 1222 unco
1179 1205 1181 1242 ,

152 1250 326 1309 ferramento
339 1248 531 1308 extrahendus
546 1258 598 1309 est.
627 1249 696 1309 Turn
709 1248 875 1328 implicitum
884 1246 1086 1323 linamentum,
1102 1247 1161 1307 rein

152 1333 258 1410 aliquid
272 1349 309 1391 ex
324 1331 462 1410 penicillo
474 1333 702 1410 respergendum
715 1341 760 1392 est
771 1331 993 1406 medicamento,
1011 1348 1075 1408 quo
1088 1350 1143 1390 san·

152 1417 218 1494 guis
239 1416 439 1494 supprimitur,
460 1432 555 1493 eoque
577 1419 653 1477 naris
678 1417 782 1476 ieviter
808 1413 961 1494 implenda.
999 1416 1142 1491 Sanguine
1179 1445 1181 1486 ι

152 1517 322 1579 suppresso,
338 1499 492 1558 linamento
524 1499 605 1559 ulcus
620 1499 799 1577 purgandum
816 1507 872 1558 est.
896 1497 954 1558 Ubi
972 1515 1081 1577 purum
1097 1507 1143 1575 est,
1179 1487 1181 1560 i

152 1600 189 1644 eo
203 1584 298 1662 pinna,
310 1583 411 1643 eodem
423 1581 518 1658 modo,
530 1601 587 1660 quo
600 1585 628 1643 in
640 1602 709 1643 aure
721 1601 807 1663 snpra
820 1583 944 1661 positum
956 1591 1006 1642 est
1017 1585 1069 1661 (p.
1081 1581 1141 1651 283,
1179 1563 1181 1630 i

153 1668 171 1728 1.
188 1667 262 1746 34),
278 1667 485 1727 medicamento
500 1665 588 1742 illita,
605 1685 662 1747 quo
680 1668 799 1728 cicatrix
813 1666 974 1744 inducitur,
997 1670 1078 1726 intus
1100 1666 1163 1724 des

151 1751 302 1827 mittenda,
320 1752 413 1810 donec
428 1769 466 1810 ex
482 1758 542 1809 toto
557 1751 586 1811 id
601 1760 743 1812 sanescat.

499 1919 681 1980 CAPUT
728 1919 799 1978 XI.

569 2037 605 2086 De
622 2051 725 2087 ozaena.

211 2171 244 2233 ld
260 2182 352 2232 autern
367 2173 480 2249 vitium,
500 2173 577 2251 quod
595 2162 733 2245 ὅζαιναε
749 2173 870 2234 Graecis
886 2181 1011 2233 vocatur
1027 2174 1087 2252 (ci.
1101 2171 1141 2248 ul,

151 2256 197 2334 8),
216 2258 240 2316 si
254 2257 466 2317 medicamentis
480 2275 537 2316 non
552 2256 679 2333 cederet,
696 2257 930 2334 quemadmodum
942 2275 1030 2316 manu
1046 2272 1163 2317 curan-s

151 2339 215 2400 dum
230 2349 326 2416 esset,
344 2341 418 2420 apud
433 2339 724 2417 magnoschirurgos
739 2359 797 2400 non
813 2341 926 2418 reperi:
952 2340 1066 2416 credo,
1086 2341 1142 2418 quia

97 2487 103 2494 ,
151 2440 199 2482 res
214 2442 280 2484 raro
293 2424 330 2484 'ad
349 2427 495 2484 sanitatem
511 2425 579 2485 satis
595 2425 723 2502 proiicit,
738 2443 822 2502 quum
840 2425 957 2501 aliquod
973 2425 1004 2483 in
1020 2426 1089 2502 ipsa
1103 2443 1142 2482 en-

151 2507 261 2565 ratione
276 2517 445 2568 tormentum
457 2507 571 2570 habeat.
592 2507 678 2586 Apud
693 2509 831 2586 quosdam
842 2517 936 2567 tamen
949 2510 1083 2585 positum
1096 2517 1142 2580 esi,

151 2587 198 2646 vel
215 2589 329 2648 fictilem
346 2591 484 2667 fistulam,
501 2592 549 2652 vel
561 2592 682 2652 enodem
697 2594 880 2671 scriptorium
897 2591 1041 2651 calamum
1057 2594 1087 2650 in
1100 2609 1142 2649 na·

53 2694 55 2699 ¹
151 2689 212 2730 rem
227 2690 293 2730 esse
309 2674 533 2750 conjiciendum,
558 2676 651 2736 donec
667 2693 777 2734 sursum
792 2675 828 2736 ad
844 2692 878 2734 os
893 2677 1069 2752 perveniat:
1092 2684 1165 2734 tuma

151 2772 203 2836 per
219 2755 247 2816 id
264 2766 350 2816 tenue
365 2757 566 2818 ferramentum
582 2759 920 2821 candensdandumcsse
933 2759 1083 2837 adipsum
1099 2777 1142 2818 os:

150 2839 253 2901 deiude
275 2841 405 2902 adustum
426 2841 520 2904 iocum
541 2843 717 2921 purgandum
739 2861 807 2903 esse
829 2843 968 2918 aerugine
993 2852 1026 2902 ει
1042 2843 1141 2901 melle:

150 2923 198 2984 uhi
213 2944 301 3005 purus
316 2935 377 3004 est,
400 2925 477 3002 lycio
491 2927 525 2987 ad
539 2929 688 2987 sanitatem
710 2926 933 3005 perducendum.
964 2924 1023 2985 Vel
1048 2941 1141 2985 neren

149 3009 328 3070 incidendam
348 3029 415 3070 esse
437 3011 472 3070 ab
493 3013 547 3070 ima
570 3020 651 3091 parte
675 3010 710 3070 ad
736 3027 785 3086 os,
807 3018 884 3069 utet
903 3009 1040 3086 conspici
1064 3010 1141 3069 locus

151 3093 258 3167 possit,
281 3103 311 3153 et
331 3095 443 3155 facilius
461 3094 586 3154 candens
606 3094 806 3154 ferramentum
822 3093 980 3154 admoveri.
1011 3091 1086 3153 Tum
1101 3091 1162 3154 snio

150 3187 246 3231 narem
265 3174 388 3246 debere;
412 3188 441 3238 ct
465 3179 593 3238 adustum
614 3178 727 3256 quidem
746 3178 827 3238 ulcus
842 3176 941 3237 eadem
957 3177 1075 3235 ratione
1097 3193 1137 3234 cu·

149 3255 237 3396 ἔειίει
251 3265 375 3317 suturam
395 3279 467 3322 vero
489 3262 560 3321 illini
583 3261 629 3320 vel
652 3278 752 3341 spuma
774 3262 903 3338 argenti,
927 3259 974 3318 vel
999 3260 1060 3320 aiio
1080 3259 1136 3336 giu·

161 3355 225 3396 inan
239 3356 265 3395 e.
