2392 3906
413 217 482 263 nro.
500 215 549 264 111.
566 217 639 266 ona.
655 218 679 265 1.
693 217 730 266 11.
1027 203 1066 263 75

55 372 101 430 tis
113 371 245 445 morbis,
261 387 344 449 quant
359 371 387 429 in
404 371 509 448 longis.
527 369 581 430 Hic
596 372 669 431 eninr
684 371 774 432 breve
788 373 908 451 spatium
924 383 978 449 est,
994 376 1068 433 intro

56 454 169 534 quod,
187 455 211 516 si
227 454 304 532 quod
323 455 458 514 auxilinm
472 471 528 514 non
543 455 659 532 profuit,
666 469 756 531 aeger
768 457 1023 534 exstinguiturnhi
1039 465 1068 516 et

57 539 287 615 deliberationi,
304 547 333 597 et
346 539 492 598 mutationi
506 539 697 598 remediorum
710 547 823 616 tempus
843 549 936 619 patet;
953 543 1028 601 adeo
1039 549 1068 600 ut

56 639 150 699 raro,
161 623 185 682 si
197 623 272 681 inter
280 622 357 681 initia
365 623 633 700 madicnsaccessit,
641 623 805 701 obsequens
814 641 904 700 aeger
918 625 980 683 sine
992 625 1067 684 illius

35 708 140 775 evitio
159 714 270 785 pereat.
284 705 399 784 Longos
412 715 506 768 tamen
515 709 725 786 morbusqunru
738 707 849 785 penitus
860 707 974 783 insedit,
991 707 1068 786 quod

58 790 99 851 ad
122 789 323 853 difficultatem
346 792 485 869 pertinet,
505 799 589 851 acuto
607 808 660 869 par
681 801 735 851 est.
765 789 802 850 Et
823 799 921 850 acutus
944 791 1067 868 quidem,

61 891 126 954 quo
148 875 289 934 vetustior
304 883 363 942 est;
390 873 495 951 longus
510 883 621 951 autem,
647 891 703 953 qno
719 874 880 949 recentior,
903 892 939 934 eo
954 875 1067 934 facilius

62 967 198 1018 curatur.
227 957 357 1018 Alterum
372 957 442 1022 illud
456 960 585 1036 ignorari
600 977 657 1018 non
673 965 799 1035 oportet,
816 957 894 1036 quod
905 976 962 1019 non
980 959 1067 1018 omni·
1103 1003 1107 1009 .

63 1043 124 1101 bus
142 1041 241 1119 aegris
257 1041 359 1101 eadem
372 1042 477 1103 auxilia
492 1045 673 1102 conveniunt.
700 1041 746 1102 Ex
762 1059 819 1120 quo
838 1041 951 1120 incidit,
967 1041 1068 1101 utalia

32 1155 60 1196 ,ο
71 1135 160 1204 atque
180 1126 237 1185 alia
258 1127 356 1186 summi
379 1135 528 1201 auctores,
545 1128 626 1204 quasi
643 1126 721 1202 sola,
739 1125 964 1202 venditaverint,
982 1133 1068 1206 prout

71 1211 174 1288 cuique
190 1218 350 1270 cesserant.
382 1208 504 1289 Oportet
519 1214 625 1290 itaque,
643 1209 690 1269 ubi
704 1209 811 1287 aliquid
826 1227 882 1269 uon
896 1209 1067 1288 respondet,

66 1309 126 1352 nou
140 1295 211 1353 tanti
229 1303 329 1371 putare
345 1303 509 1370 auctorem,
533 1295 629 1372 quanti
644 1312 777 1370 aegrum,
800 1301 829 1352 et
851 1295 977 1369 experiri
993 1292 1069 1354 aliud

64 1386 157 1455 atque
172 1376 263 1436 aliud:
280 1377 322 1436 sio
337 1385 440 1452 tamen,
457 1385 486 1436 ut
504 1379 531 1436 in
549 1381 639 1438 nontin
653 1376 762 1437 morbis
775 1378 831 1437 cito
843 1385 975 1454 mutetur,
991 1375 1069 1454 quod

62 1459 136 1519 nihil
155 1460 288 1539 prodest;
311 1461 340 1520 in
355 1461 468 1538 longis,
487 1477 560 1540 quos
578 1471 690 1540 tempus
704 1470 734 1521 ut
748 1461 833 1536 facit,
850 1461 892 1519 sic
911 1463 994 1520 etiam
1009 1459 1067 1518 soi·

30 1561 55 1601 ns
66 1545 127 1618 vit,
144 1562 203 1603 non
220 1545 310 1604 statim
327 1544 547 1620 condemnetur,
565 1545 670 1623 siquid
686 1562 742 1603 non
761 1545 854 1604 statim
873 1544 995 1622 proicit:
1018 1544 1066 1601 nni·

66 1646 119 1686 nns
136 1645 211 1689 vero
225 1635 425 1703 remoueatur,
447 1627 551 1705 siquid
569 1629 681 1707 paulum
696 1627 795 1688 saltem
807 1627 902 1702 juvat:
919 1628 985 1705 quin
1000 1643 1066 1706 pro·

64 1711 166 1772 iectus
181 1721 313 1790 tempore
329 1709 470 1790 expletur.

436 1920 704 2010 onauuuu

109 2062 248 2122 Quomodo
268 2061 346 2110 morbi
364 2071 562 2126 cognoscantur,
582 2071 606 2112 et
621 2078 652 2112 an
667 2045 793 2122 crescant,
813 2061 964 2115 consistant.
985 2067 1027 2108 aut

31 2156 57 2195 to
492 2143 645 2194 minuuntur.
981 2157 984 2164 ·

133 2296 267 2356 Protinus
289 2303 381 2355 autern
403 2295 477 2354 inter
500 2295 575 2372 initia
596 2296 671 2355 scire
693 2295 779 2355 focile
797 2305 857 2372 est,
885 2299 947 2375 quis
967 2305 1066 2357 acutus

71 2380 207 2453 morbus,
225 2380 288 2457 quis
302 2379 407 2456 longus
422 2380 474 2437 sit:
490 2395 546 2437 non
561 2380 589 2438 in
604 2379 638 2438 iis
654 2377 723 2438 solis
737 2381 765 2438 in
781 2379 884 2458 quibus
899 2398 1014 2458 semper
1028 2382 1066 2440 ita

75 2462 220 2529 sehabet:
243 2461 294 2522 sed
315 2464 344 2521 in
363 2463 398 2522 iis
416 2479 532 2540 quoque
554 2461 700 2540 inquibus
720 2463 818 2522 variat.
848 2463 919 2524 Nam
941 2463 989 2522 ubi
1005 2466 1066 2523 sine
1111 2536 1117 2549 ,

73 2543 330 2606 intermissionibus
345 2547 532 2605 accessiones
548 2553 577 2604 et
589 2545 708 2606 dolores
719 2564 826 2622 graves
837 2557 950 2624 urgent,
967 2557 1066 2607 acutus

36 2629 190 2690 tomorbus
206 2638 266 2688 est:
284 2628 331 2688 ubi
346 2630 414 2688 lenti
428 2629 556 2705 dolores,
572 2629 703 2689 lentaeve
719 2628 817 2689 febres
834 2641 913 2707 sunt,
931 2641 960 2690 et
975 2633 1066 2710 spatia

71 2715 148 2772 inter
161 2713 347 2772 accessiones
365 2713 561 2792 porriguntur,
578 2711 774 2791 acceduntque
790 2731 826 2774 ea
841 2715 933 2791 signa,
951 2731 1023 2791 qnae
1038 2716 1066 2772 in

73 2800 172 2878 priore
197 2797 341 2856 volumine
363 2795 430 2873 (11,
445 2812 507 2872 cap.
524 2795 559 2872 5)
582 2796 715 2871 exposita
739 2802 822 2872 suot,
849 2795 966 2873 longum
992 2797 1065 2855 huno

71 2881 197 2940 futurum
212 2896 295 2955 esse,
313 2880 492 2939 manifestum
508 2887 562 2938 est.
593 2879 751 2939 Videndum
766 2882 851 2940 etiarn
868 2891 928 2954 est,
950 2879 1066 2940 morbus

73 2957 110 3023 an
124 2964 286 3037 increscat,
308 2980 342 3022 an
358 2964 508 3040 consistat,
528 2981 563 3021 an
578 2964 730 3023 minuatur:
748 2965 813 3040 quia
825 2963 962 3043 quaedam
975 2983 1064 3023 renne-

40 3060 64 3103 oo
74 3047 120 3107 dia
135 3045 362 3120 increscentibus
376 3045 499 3120 morbis,
515 3046 596 3124 plura
613 3045 753 3105 inclinatis
769 3049 955 3122 conveniunt,
973 3063 1065 3124 eaque
1084 3104 1087 3114 ,

75 3148 148 3209 quae
172 3128 398 3193 increscentibus
418 3137 484 3206 apta
507 3137 586 3204 sunt,
608 3128 655 3188 ubi
669 3139 768 3189 acutus
785 3131 952 3191 increscens
970 3140 1064 3206 urget,

72 3217 103 3273 in
132 3211 349 3273 remissionibus
378 3214 472 3290 potius
498 3211 673 3289 experienda
696 3221 768 3272 suunt.
805 3211 945 3274 Increscit
973 3224 1065 3273 autem

74 3296 201 3372 morbus,
214 3295 278 3354 duur
293 3297 446 3373 graviores
459 3294 586 3370 dolores,
600 3297 842 3376 accessionesque
853 3299 982 3366 veniunt;
998 3297 1064 3356 hae·

77 3399 131 3460 que
148 3389 177 3439 et
191 3388 271 3453 ante,
289 3397 371 3456 quam
388 3381 535 3457 proximae
549 3386 746 3455 revertuntur,
762 3389 791 3440 et
807 3391 908 3459 postea
924 3382 1062 3441 desinunt.

43 3478 70 3519 as
80 3465 174 3543 Atque
190 3465 219 3522 in
234 3463 330 3539 longis
345 3480 460 3542 quoque
476 3462 594 3538 morbis,
612 3461 695 3520 etiarn
711 3462 783 3522 tales
793 3472 877 3522 notas
889 3481 945 3522 non
957 3461 1063 3544 haben·
