2372 3892
336 155 721 244 Ιηηωιινῐι,
955 170 1042 241 m.

26 331 216 412 cataplasma.
242 332 298 396 ‘Sal
314 334 566 418 ammoniacuavel
578 336 702 414 quilibet
717 337 789 400 alius
801 352 884 417 quarn
896 342 1019 418 optimus

27 419 79 478 teri
96 417 206 492 debet,
223 418 280 493 sic,
297 427 326 478 ut
342 421 367 478 ei
386 418 521 496 paulatim
536 419 631 480 oleum
650 419 816 497 adjiciatur,
830 425 924 482 donee
937 441 1015 484 cras·

26 501 119 562 situdo
142 500 305 577 strigmenti
333 503 396 571 liat;
429 501 457 562 id
478 502 582 562 deinde
601 504 775 566 nascendum
796 515 841 576 cst
863 525 927 566 omn
949 507 1014 570 luor-

27 587 135 646 deacea
155 585 270 660 farina,
291 603 365 663 quae
388 605 425 646 ex
446 581 539 646 riuulso
561 588 684 652 decocta
705 591 749 650 sit
786 589 886 652 Facile
910 599 1014 668 autern,

11 669 190 746 erecognitis
205 669 352 745 omnibus,
368 688 441 748 quac
461 671 565 732 medici
581 672 784 751 prodiderunt,
798 693 942 752 apparere
958 677 1014 736 cui·

28 753 96 813 libet
111 761 214 832 potest
229 754 278 814 vix
293 754 379 813 ullum
396 772 434 814 ex
450 755 502 832 iis,
521 774 594 834 qnae
612 773 698 835 supra
714 758 923 837 comprehensa
940 769 1014 834 suut,

30 837 103 898 oculi
119 838 221 912 uitium
238 855 321 912 esse,
338 837 418 916 quod
434 855 490 898 non
505 840 683 919 simplicibus
698 859 833 920 quoque,
849 851 878 904 et
894 843 1014 922 promtis

29 921 159 982 remediis
176 921 343 982 submoveri
361 925 464 1000 possit.
489 969 495 982 .

368 1157 552 1221 curun*
585 1161 679 1220 v11.
741 1194 746 1205 -
790 1120 797 1132 ⁴

14 1283 24 1322 o
322 1305 325 1311 ,
391 1275 427 1326 lle
445 1275 543 1326 aurium
561 1276 664 1326 morbis.

90 1424 115 1482 1.
144 1424 292 1486 Hactenus
308 1427 335 1485 in
353 1427 446 1486 oculis
461 1446 496 1490 ea
511 1429 709 1506 reperiuntur,
729 1427 877 1506 inquibus
890 1428 1012 1490 medica·

31 1515 118 1568 menta
132 1509 284 1586 plurimum
299 1521 437 1592 possunt:
460 1512 583 1591 ideoque
597 1512 634 1573 ad
650 1529 734 1572 autres
747 1511 946 1572 transeundum
958 1522 1012 1587 est,

33 1609 142 1668 quarum
158 1611 241 1652 usum
259 1595 418 1672 proximum
433 1615 449 1656 a
465 1595 616 1656 luminibus
632 1605 730 1656 natura
746 1595 829 1654 uobis
845 1595 931 1658 dedit.
955 1595 1013 1656 Sed

33 1676 58 1734 in
78 1675 120 1736 his
138 1678 289 1756 aliquanto
306 1681 579 1758 majusqperioulum
601 1677 660 1740 est:
692 1697 756 1741 uam
778 1681 844 1740 vitia
865 1680 1013 1740 oculorum

11 1760 99 1822 {sinim
118 1763 200 1839 ipsos
222 1773 343 1834 nuceum
374 1766 481 1824 aurium
503 1765 736 1824 inllarnmntiones
756 1763 934 1842 doloresque
956 1764 1011 1841 (ci.
1041 1779 1042 1788 ¹

35 1839 104 1920 Apu.
126 1845 165 1923 V,
188 1848 247 1916 40;
278 1846 357 1908 Cels.
379 1847 422 1924 ΙΙ,
444 1849 478 1926 l)
506 1848 649 1910 interdum
671 1849 756 1908 etiam
782 1847 817 1908 ad
842 1848 1012 1908 dementiam
1071 1886 1074 1892 ·

11 1937 201 2009 ,mortemque
229 1933 429 2010 praecipitant.
473 1934 538 2008 Quo
564 1933 656 2010 magis
682 1935 755 1992 inter
782 1933 860 1992 initia
884 1934 1012 2010 protinus

36 2013 330 2093 successurorum,
352 2033 388 2074 ne
409 2017 512 2092 mnjori
533 2017 664 2096 periculo
683 2016 766 2078 locus
785 2018 830 2079 sit.
868 2016 948 2093 Ergo
965 2015 1012 2076 ubi

36 2096 144 2178 primum
164 2098 296 2158 dolorem
316 2099 420 2177 aliquis
442 2101 548 2174 sensit,
578 2099 724 2164 abstinere
752 2109 780 2158 et
806 2102 954 2160 continere
979 2117 1011 2158 se

11 2177 123 2239 rudebat.
158 2181 282 2250 Postero
303 2183 366 2257 die,
389 2185 412 2242 si
434 2184 631 2246 vehementius
646 2183 749 2244 malum
764 2193 823 2258 est,
847 2193 932 2260 caput
949 2191 1011 2243 tou·

37 2260 115 2338 dena,
132 2265 217 2344 idque
233 2267 309 2326 irino
323 2277 468 2344 unguento
488 2267 583 2330 calido
599 2285 761 2345 perungere
779 2276 808 2328 et
824 2267 950 2344 operire.
975 2265 1013 2324 At

26 2360 145 2422 ,magnus
159 2368 223 2410 crum
241 2350 324 2412 febre
335 2353 494 2430 vigiliaque
507 2351 592 2412 dolor
604 2353 710 2428 exigit,
725 2361 754 2410 ut
767 2351 884 2427 sanguis
896 2367 1012 2428 quoque

37 2430 157 2494 mittatur.
182 2436 213 2495 Si
231 2435 260 2496 id
276 2435 389 2513 aliquae
405 2453 509 2498 causae
527 2435 696 2514 prohibent,
712 2435 794 2496 alvus
807 2433 945 2496 soluenda
958 2443 1012 2497 est..

39 2508 238 2592 Cataplasmata
262 2537 378 2597 quoque
407 2519 523 2596 calida,
545 2519 664 2578 subinde
693 2528 813 2594 mutata,
843 2519 1011 2596 proliciunt;

12 2595 93 2656 ursive
113 2599 188 2665 ioeni
210 2605 326 2681 graeci,
350 2606 411 2664 sive
432 2604 496 2678 lini,
518 2605 581 2663 sive
603 2604 666 2687 alin
680 2604 771 2664 farina
794 2622 831 2664 en
854 2603 945 2662 mulso
964 2603 1012 2661 de-

40 2691 113 2742 cocta
134 2695 190 2746 est.
235 2687 328 2748 Reate
357 2689 443 2750 etiam
464 2688 583 2748 subinde
606 2688 793 2748 admoventur
814 2688 956 2766 spongiae
976 2705 1014 2746 ex

39 2779 104 2840 aqua
122 2770 213 2831 calida
235 2789 406 2850 expressae.
445 2772 530 2850 Tum,
552 2773 647 2832 levato
669 2772 789 2847 dolore,
816 2780 944 2832 ceratum
959 2771 1012 2830 eir·
1117 2807 1122 2818 ·

41 2849 153 2910 cumda'ri
176 2855 264 2924 debet
284 2857 428 2932 erluino,
454 2867 501 2917 aut
519 2859 639 2935 cyprino
656 2856 776 2916 iactum:
800 2857 827 2916 in
846 2853 1012 2930 quibusdam

41 2936 124 2993 tumen
139 2939 255 3015 melius,
280 2939 357 3016 quod
373 2959 410 3000 en
427 2959 494 3002 rosa
511 2950 573 3014 est,
593 2937 716 3019 proiicit.
752 2940 781 2998 Si
800 2937 955 2996 vehemens
973 2935 1012 2992 in·

15 3009 178 3081 nummum
198 3041 326 3082 somnum
350 3042 386 3082 ex
402 3033 463 3083 toto
479 3024 629 3101 prohibet,
653 3023 737 3097 adjici
755 3020 950 3098 cataplasmati
965 3018 1012 3076 de-

14 3103 17 3106 ’
42 3093 100 3157 lent
118 3109 270 3182 papaveris
294 3109 420 3168 cortices
440 3108 517 3168 fricti
537 3118 623 3186 atque
641 3106 772 3180 contriti,
794 3104 852 3180 sie,
875 3113 904 3162 ut
918 3121 955 3162 ex
970 3103 1014 3164 hio

44 3185 223 3254 ptts'dimidia
238 3193 290 3262 sit;
306 3209 405 3270 eaque
422 3200 479 3252 tum
494 3193 576 3250 simul
588 3207 626 3252 ex
641 3207 728 3267 passo
743 3191 835 3248 mixto
852 3188 1013 3266 decoquun-

43 3268 89 3323 tur.
121 3267 152 3332 In
169 3291 263 3336 aurem
279 3293 352 3345 vero
372 3275 522 3336 infundere
540 3273 656 3352 aliquod
675 3273 909 3336 medicamentum
927 3288 1012 3350 opera

44 3352 89 3416 itit
113 3357 185 3430 quod
201 3377 315 3439 semper
323 3369 393 3422 ,ante
409 3360 543 3437 tepefieri
556 3361 706 3419 convenit:
724 3357 1012 3432 commodissimeque

17 3435 89 3503 ³⁵ltt
107 3441 240 3514 strigilem
258 3443 420 3504 instillatur.
460 3442 516 3504 Ubi
539 3444 613 3504 aruris
627 3442 741 3520 repleta
758 3451 818 3518 est,
843 3439 1012 3520 superllana
