2392 3906
439 183 473 232 Δ.
491 183 520 232 0.
537 183 636 234 CELSI
650 183 842 234 muniemus

499 365 757 468 caecum

169 523 205 571 De
221 520 353 586 sanguinis
368 520 488 571 missione
506 535 551 586 per
566 536 656 570 venam
667 520 754 586 -(ol.
767 519 863 571 Oribas.
884 521 913 569 T.
931 521 962 582 Il,
978 537 1006 587 p.
1019 519 1072 570 750
1084 519 1127 580 s).

205 675 390 751 Sanguinem,
400 665 496 732 'incisa
508 690 592 745 vena,
601 673 690 749 mitti,
705 690 811 732 novum
822 691 879 732 nou
893 680 955 732 est:
972 671 1025 732 sed
1035 670 1145 730 nullutn

145 775 238 838 paene
258 755 387 816 morbum
406 773 475 816 esse
495 757 523 815 in
542 773 598 834 quo
620 773 676 816 non
694 758 835 834 mittatur,
853 775 958 816 novum
974 765 1030 816 est.
1059 752 1143 830 Item,

143 843 214 904 mitti
224 839 396 916 junioribus,
413 847 442 898 et
455 838 568 899 feminis
584 849 692 901 uterum
710 858 768 900 non
783 841 966 918 gerentibus,
981 847 1066 898 vetus
1082 845 1164 899 esim

142 929 172 987 in
189 927 287 1005 pueris
302 941 374 984 vero
389 922 464 982 idem
479 927 616 1003 experiri,
632 934 661 984 et
676 926 703 983 in
723 925 902 1001 senioribus,
919 933 948 983 et
970 925 999 983 in
1012 921 1145 1000 gravidis

144 1025 260 1089 quoque
278 1005 461 1082 mulieribus,
478 1015 564 1067 retus
580 1027 638 1070 nou
654 1017 715 1068 est:
737 1009 877 1088 siquidem
893 1009 1000 1086 antiqui
1024 1009 1145 1086 primam

142 1094 324 1169 ultimamque
348 1099 468 1150 aetatem
491 1093 633 1152 sustinere
656 1109 714 1151 non
736 1110 826 1171 posse
848 1092 906 1152 hoo
929 1090 1028 1151 auxilii
1049 1108 1145 1168 genus

138 1173 322 1251 Judioabant:
348 1185 611 1254 persuaserantque
635 1176 706 1252 sihi,
721 1177 870 1237 mulierem
885 1175 1049 1252 gravidam,
1068 1190 1144 1252 quae

141 1261 179 1320 ita
191 1267 287 1318 curata
302 1266 391 1334 esset,
407 1258 538 1318 abortum
551 1277 618 1319 esse
630 1260 770 1321 iacturam
788 1258 884 1338 (Aple.
897 1261 933 1336 V,
950 1259 1018 1335 31).
1035 1258 1143 1318 Postea
1152 1279 1170 1318 n

141 1360 213 1402 vero
228 1359 296 1400 usus
310 1342 445 1418 ostendit,
460 1343 528 1402 nihil
545 1343 572 1402 iu
587 1344 631 1403 his
647 1363 714 1403 esse
736 1352 923 1424 perpetuum;
945 1342 1075 1419 aliasque
1092 1357 1143 1422 pc-

141 1428 197 1486 tius
219 1425 440 1486 observationes
462 1425 639 1486 adhibendas
661 1445 743 1505 esse,
765 1427 800 1488 ad
824 1445 896 1506 quas
913 1426 997 1504 dirigi
1015 1428 1143 1487 curantis

142 1510 292 1570 consilium
310 1508 429 1570 debeat:
459 1511 581 1570 interest
602 1513 677 1572 euim
697 1529 756 1573 uon
778 1530 852 1591 quae
876 1521 955 1572 aetas
970 1514 1022 1586 sit,
1046 1528 1142 1589 neque

141 1595 208 1676 quid
227 1594 257 1652 in
278 1609 403 1671 corpore
419 1596 494 1652 intus
509 1605 644 1674 geratur,
668 1597 719 1656 sed
740 1613 813 1675 quae
828 1598 906 1656 vires
922 1597 987 1654 sint.
1017 1593 1104 1671 Ergo
1120 1594 1143 1653 si

136 1679 253 1756 juvenis
275 1675 436 1738 imbecillus
457 1688 517 1755 est,
539 1689 587 1740 aut
602 1682 625 1740 si
642 1682 762 1756 mulier,
785 1697 859 1758 quae
875 1680 995 1756 gravida
1011 1696 1070 1737 non
1088 1687 1141 1754 est,
1151 1701 1168 1739 n

141 1781 238 1842 parurn
260 1762 353 1837 valet,
377 1763 452 1821 male
472 1765 594 1840 sanguis
616 1766 748 1824 mittitur:
777 1766 914 1844 emoritur
936 1764 1010 1822 enim
1032 1763 1095 1838 vis,
1120 1763 1142 1820 si

140 1867 195 1926 qua
210 1854 370 1925 supererat,
387 1847 444 1905 hoc
455 1846 542 1906 modo
556 1856 666 1926 erepta.
696 1848 735 1907 At
750 1848 846 1906 lirmus
860 1863 942 1925 puer,
959 1854 989 1905 et
1001 1842 1143 1905 robustus

140 1950 241 2006 sonex,
258 1938 286 1988 et
300 1929 420 2006 gravida
434 1930 536 1989 mulier
552 1931 662 2006 valens,
678 1940 738 1990 tuto
754 1940 877 1991 curatur.
906 1930 1030 1990 Maxime
1045 1938 1142 1988 tamen

139 2019 167 2074 in
182 2015 227 2074 his
241 2013 369 2073 medicus
384 2015 532 2093 imperitus
547 2015 608 2074 lalli
625 2023 737 2093 potest:
756 2015 821 2092 quia
836 2014 900 2073 iere
915 2015 1007 2072 minus
1022 2012 1142 2072 roboris

138 2099 196 2160 illis
212 2096 353 2158 aetatibus
369 2098 483 2168 subest;
504 2099 674 2176 mulierique
689 2100 859 2178 praegnanti
875 2108 943 2176 post
959 2098 1139 2157 curationem
1148 2117 1167 2156 ao

140 2201 255 2262 quoque
269 2181 377 2241 viribus
393 2200 467 2261 opus
481 2192 535 2260 est,
551 2200 609 2243 non
626 2191 732 2242 tautum
750 2181 784 2240 ad
801 2200 844 2256 se,
861 2181 912 2240 sed
929 2181 1061 2242 etiamad
1075 2199 1142 2258 par·

139 2279 196 2328 tuna
212 2264 415 2328 sustinendum.
442 2267 508 2328 Nou
530 2266 665 2346 quidquid
687 2275 781 2326 autern
803 2266 989 2324 intentionem
1010 2265 1099 2323 animi
1115 2273 1143 2324 et
1193 2339 1194 2344 η

139 2351 318 2431 prudentiam
333 2346 441 2428 exigit,
459 2353 589 2430 protinus
604 2349 777 2426 ejiciendum
792 2357 852 2416 est;
876 2367 960 2427 quum
980 2351 1142 2426 praecipua

139 2438 167 2494 in
183 2435 239 2492 hoc
256 2435 303 2493 ars
320 2437 367 2510 sit,
387 2447 460 2514 quae
476 2453 532 2493 non
548 2452 637 2494 annos
649 2439 789 2505 numeret,
806 2448 901 2509 neque
915 2434 1142 2510 conceptionem

139 2518 231 2575 solam
252 2516 362 2590 videat,
384 2518 436 2576 sed
457 2521 535 2576 vires
560 2519 706 2588 aestimet,
729 2523 758 2572 et
781 2531 818 2573 ex
833 2533 870 2573 eo
888 2516 1022 2593 colligat,
1045 2519 1169 2593 possitae

138 2616 231 2657 neone
255 2616 427 2676 superesse,
451 2600 527 2676 quod
548 2599 596 2657 vel
618 2615 754 2676 puerum,
768 2597 818 2656 vel
834 2617 949 2676 senem,
972 2599 1020 2657 vel
1039 2601 1068 2658 in
1083 2617 1139 2658 una
1191 2629 1193 2688 q

138 2681 257 2740 muliere
281 2680 336 2740 duo
358 2698 484 2759 corpora
505 2681 588 2740 simul
610 2683 757 2740 sustineat.
800 2681 925 2742 Interest
954 2683 1039 2744 etiam
1064 2684 1141 2742 inter
1191 2695 1193 2728 i

139 2765 239 2825 valens
255 2781 372 2841 corpus,
393 2774 421 2823 et
437 2764 569 2831 obesum;
588 2766 662 2824 inter
674 2772 771 2842 tenue,
787 2775 815 2825 et
828 2767 983 2826 infirmum:
1000 2767 1140 2826 tenuiori·
1191 2787 1192 2790 ¹

137 2850 191 2908 bus
206 2849 297 2924 magis
313 2850 440 2923 sanguis,
461 2847 640 2926 plenioribus
655 2851 748 2926 magis
760 2867 830 2910 caro
843 2850 976 2911 abundat.
1007 2849 1139 2911 Facilius
1191 2849 1192 2856 ’

137 2937 233 3009 itaque
257 2931 298 2990 illi
321 2929 526 2992 detractionem
549 2932 690 3007 ejusmodi
705 2935 861 3002 sustinent;
886 2935 1072 3012 celeriusque
1088 2951 1166 3009 ea,ao

139 3019 162 3074 si
178 3016 290 3073 nimium
306 3023 349 3073 est
365 3017 490 3093 pinguis,
508 3015 610 3095 aliquis
626 3016 771 3093 allligitur.
800 3016 928 3095 ideoque
942 3021 986 3077 vis
1000 3019 1137 3096 corporis

138 3098 239 3158 melius
254 3117 292 3157 ex
305 3100 396 3174 venis,
413 3118 496 3179 quam
512 3120 549 3161 ex
563 3103 626 3179 ipsa
643 3101 743 3179 specie
760 3103 935 3161 aestimatur.
968 3100 1074 3180 Neque
1090 3117 1136 3160 so-

82 3225 84 3232 ·
109 3249 114 3263 1
139 3185 195 3242 lum
212 3182 284 3241 haec
300 3184 509 3245 consideranda
524 3194 597 3260 sunt,
613 3185 664 3244 sed
680 3185 764 3244 etiam
776 3185 868 3245 morbi
880 3203 973 3262 genus
984 3185 1065 3263 quod
1081 3186 1135 3243 sit:

138 3277 230 3326 utrum
246 3283 396 3344 superans,
414 3287 448 3328 an
461 3269 599 3328 deficiens
613 3270 730 3328 materia
742 3269 872 3336 laeserit:
893 3279 1059 3347 corruptum
1071 3286 1135 3328 cor·
1189 3329 1190 3346 ,

138 3369 191 3430 pus
207 3351 258 3425 sit,
279 3366 315 3408 an
330 3353 484 3428 integrum;
515 3369 579 3411 nam
596 3353 619 3410 si
640 3355 758 3412 materia
775 3352 822 3411 vel
841 3353 939 3428 deest,
955 3352 1002 3412 vel
1020 3354 1164 3429 integrao
1188 3347 1190 3382 ³

140 3443 200 3554 est',
227 3433 300 3494 istud
322 3434 444 3495 alienum
467 3445 526 3496 est:
552 3437 620 3495 atsi
638 3435 684 3494 rel
703 3437 787 3514 copia
807 3439 849 3494 sui
866 3437 940 3496 male
961 3435 1068 3514 hahet,
1086 3435 1136 3496 vel
