2392 3906
343 177 733 230 mmmmm
972 167 1033 228 m

24 343 98 395 tuor
121 332 272 414 amphoris
293 342 383 394 toturn
402 353 457 413 per
474 344 562 413 capnt
580 334 806 413 perfundendum
820 345 875 396 est.
904 333 963 396 Sed
979 333 1035 394 boc

26 427 160 494 utemur,
178 419 202 478 si
217 418 348 496 aequalis
369 435 461 496 aegro
476 419 594 497 spiritus
610 421 678 495 erit,
695 420 720 479 si
734 419 832 480 mollia
848 419 1034 497 praecordia:

28 505 75 562 sin
101 501 192 569 aliter
210 502 284 562 baec
303 512 401 578 erunt,
421 521 455 562 ea
478 504 608 581 potiora,
629 519 701 580 quae
725 521 811 582 supra
827 502 1035 582 comprehensa

29 594 109 646 snut.
142 586 198 660 Et,
222 585 299 664 quod
318 585 355 646 ud
370 603 498 646 somnum
512 587 626 665 quidem
647 588 786 665 pertinet,
806 586 1036 646 commodissima

13 671 109 732 ‚hece
136 667 219 730 ratio
245 679 300 730 est.
342 670 475 732 Medendi
500 680 594 730 autem
619 688 721 747 causa,
752 679 838 749 ceput
865 670 1035 738 radendum

32 753 142 814 deinde
158 769 251 832 posca
264 754 419 816 fovendum
434 764 493 824 est,
516 757 545 814 in
561 755 742 833 quatemus,
766 763 813 815 ant
832 763 894 814 ruta
914 753 1036 814 decocta

34 839 70 898 sit
82 835 136 914 *):
157 838 252 898 alteru
273 839 319 898 die
340 837 541 917 imponendum
559 848 739 913 castoreum,
761 847 809 898 aut
823 847 885 898 ruta
899 846 1037 898 exercete

35 923 179 998 contrita,
201 931 248 982 aut
269 922 341 982 lauri
361 921 487 999 baccae,
515 932 563 984 aut
583 922 691 984 hedera
713 939 776 982 eum
798 939 866 982 rosa
892 929 922 981 et
941 929 1035 980 aceto.

35 1005 259 1085 Praecipueque
281 1007 412 1085 proiicit,
435 1015 465 1067 et
487 1007 533 1067 ad.
546 1006 726 1067 excitandum
742 1005 899 1081 bominem,
920 1005 1040 1066 naribus

15 1088 185 1156 sasimorum
194 1135 203 1168 ,
219 1090 298 1150 etad
313 1090 444 1150 morbum
459 1092 550 1170 ipsum
566 1089 788 1170 depellendum,
810 1090 895 1168 capiti
910 1089 1052 1154 frontive.

44 1175 204 1250 impositum
218 1175 321 1253 sinapi.
352 1173 480 1236 Gestatio
496 1176 581 1236 etiem
592 1177 621 1234 in
637 1175 696 1240 boc
709 1172 811 1234 morbo
825 1173 961 1252 prodest;
978 1191 1036 1232 ma-

41 1259 174 1336 ximeque
192 1267 356 1338 opportune
371 1258 451 1318 cibus
469 1258 567 1335 datus,
582 1258 611 1319 id
626 1267 672 1318 est
684 1259 713 1318 in
728 1259 914 1334 remissione,
933 1265 1037 1336 quanta

38 1342 162 1402 maxima
178 1343 300 1403 inveniri
315 1343 433 1422 poterit.
462 1342 618 1422 Aptissima
630 1351 724 1402 autem
739 1341 860 1403 sorbitio
875 1351 928 1418 est,
944 1341 1037 1402 donec

39 1425 157 1485 morbus
169 1425 344 1486 decrescere
355 1427 489 1506 incipiat:
505 1429 559 1503 sie,
575 1436 605 1486 ut
616 1429 640 1486 si
654 1426 783 1504 quotidie
795 1426 894 1504 gravis
903 1427 1036 1485 accessio

11 1517 95 1583 mest
110 1509 186 1570 baec
200 1511 326 1589 qnotidie
344 1510 443 1582 detur;
461 1513 486 1572 si
501 1510 629 1587 alternis,
643 1519 710 1588 post
724 1513 889 1587 graviorem
903 1509 1036 1584 sorbitio,

47 1602 108 1672 post
129 1593 269 1654 leviorem
288 1594 379 1654 mulsa
408 1612 491 1673 aqua
522 1593 624 1654 Vinum
644 1611 760 1673 quoquo
781 1611 844 1654 cum
863 1595 1036 1672 tempestivo

46 1675 108 1737 cibo
132 1677 227 1738 datum
247 1696 305 1740 non
330 1678 516 1739 mediocriter
538 1677 662 1754 adjurat.
693 1678 822 1754 Quod
798 1697 822 1738 ιι
843 1687 911 1758 post
931 1677 1037 1753 longas

41 1755 140 1822 iebres
154 1763 296 1862 eiusmodi
310 1772 412 1841 torpor
427 1764 561 1837 accessit,
579 1771 676 1822 cetere
691 1761 792 1823 endem
803 1760 944 1824 servanda
956 1769 1035 1821 sunt:

42 1853 106 1906 ante
123 1849 321 1910 accessionem
337 1856 445 1923 autern,
465 1846 556 1906 tribus
571 1855 731 1926 quatuorve
751 1846 830 1906 buris
838 1854 1036 1922 ‚castoreum

11 1930 69 1998 nsi
82 1941 185 1990 venter
199 1930 353 1992 adstrictus
368 1939 428 2006 est,
450 1931 566 1992 mixtum
584 1948 648 1990 curn
663 1932 849 1998 scammonia:
868 1931 892 1990 si
909 1937 1036 2004 nonest,

47 2032 97 2093 per
120 2033 153 2074 se
174 2017 267 2094 ipsum
289 2025 458 2093 comaque
469 2014 589 2075 dandum
609 2023 663 2075 est.
697 2015 727 2074 Si
751 2013 919 2094 praecordia
940 2013 1037 2072 mollia
1123 2071 1127 2082 ,

45 2107 123 2173 sunt,
145 2099 217 2160 cibis
239 2099 373 2160 utendum
393 2097 822 2177 estplenioribus;s1''dnra‚
814 2115 842 2156 ιιι
860 2097 961 2156 iisdem
976 2113 1036 2156 sor·

44 2143 197 2244 bitiubibus
212 2182 437 2250 subsistendum
462 2176 721 2260 imponendumque
743 2181 939 2261 praecordiis,
961 2179 1037 2260 quod

47 2266 125 2326 simui
140 2275 169 2328 et
183 2269 334 2346 reprimat,
353 2275 383 2328 et
398 2266 534 2327 emolliat

12 2529 38 2571 ι
376 2504 557 2566 οΑΡιιι
587 2505 698 2565 xxr.
729 2469 730 2474 ‘

437 2621 474 2672 De
489 2621 642 2687 hydropicis.

66 2774 164 2840 Sed
186 2773 233 2833 bic
255 2773 369 2851 quidem
390 2782 491 2834 acutus
518 2781 563 2832 est
585 2770 712 2832 morbus.
749 2772 866 2850 Longus
885 2790 956 2833 vero
976 2771 1038 2833 iieri

42 2832 254 2936 petesteorum
261 2873 360 2936 ‚quos
375 2875 448 2953 equa
463 2858 537 2915 inter
552 2866 645 2916 eutem
662 2856 736 2915 maie
752 2856 853 2927 babet;
871 2859 925 2916 nisi
939 2858 1038 2954 primis

42 2942 145 3001 diebus
168 2903 318 3005 discussus
336 2950 396 3000 est:
419 2930 560 3020 ὕδρωπα
580 2940 685 3000 Graeci
707 2949 822 2999 vocant
857 2941 953 3018 Atque
974 2940 1038 3014 ejus

14 3035 104 3084 utres
126 3027 243 3102 speeies
266 3033 339 3084 sunt.
374 3023 446 3085 Nam
468 3023 570 3099 modo,
591 3033 693 3084 ventre
714 3023 902 3084 vehementer
919 3025 1038 3099 intentu,

43 3109 148 3170 creber
169 3111 243 3168 intus
257 3125 294 3168 ex
314 3118 393 3170 motu
414 3111 530 3189 spiritus
549 3126 637 3168 sonus
653 3115 712 3166 est:
733 3108 819 3169 modo
834 3125 939 3186 corpus
961 3110 1037 3168 inae·

38 3243 258 3254 ...a-*—

110 3327 140 3392 *)
157 3327 254 3378 Caelius
271 3327 421 3377 Aurelianus
437 3327 478 3377 lib.
505 3328 536 3376 11.
569 3324 652 3376 Morb.
676 3325 747 3375 Acar.
768 3341 822 3394 cup.
840 3309 863 3380 ’9
889 3330 923 3377 ita
938 3326 1036 3376 scribit:

11 3439 12 3442 ,
43 3398 196 3448 Heraclides
213 3405 288 3458 eaput
301 3411 379 3456 posca
394 3397 470 3459 fouet,
487 3397 512 3442 ia
530 3409 578 3458 qua
593 3399 680 3443 laurus
694 3396 774 3458 suerit
791 3399 906 3458 decocta,
924 3403 950 3444 et
965 3400 1038 3452 ruta,-

44 3469 111 3517 roeie
129 3475 226 3532 qiwqrte
241 3467 338 3526 cupillis
356 3466 425 3529 eupit
440 3471 554 3513 castoreo
571 3473 618 3512 ete.
