2396 3904
324 225 505 276 LIBRORUM
523 231 567 278 ur
583 230 745 282 ceptrum.
992 228 1053 290 360

121 373 155 414 10.
170 372 457 420 Decsrbunculisoculorum
488 381 525 423 231

120 424 154 464 11.
168 423 199 464 De
218 424 304 476 pusulis
319 427 426 470 oculorum
445 457 452 469 .
479 431 525 473 ibd.

121 473 156 516 12.
172 472 291 526 Collyrium
316 477 450 520 Philalethes

176 524 209 564 ad
239 527 313 566 usulas
340 529 452 578 pculorum
478 530 522 574 iud.

121 573 155 618 13.
171 573 202 615 De
212 537 320 616 ulceribus
330 579 446 631 oculorum,

154 638 157 644 “
181 636 203 672 ei
213 632 240 702 de
250 633 342 688 collyrio
351 625 399 682 διὰ
410 634 448 682 λι-

185 689 272 759 βανου
308 719 449 740 .....
475 700 520 743 ibd.

117 759 151 800 tr.
165 757 197 798 De
214 759 363 800 imminutione
372 761 446 804 oculo·

178 820 226 850 rum
240 834 445 856 .......
484 816 522 857 232

119 859 151 900 15.
167 858 198 900 Dc
214 859 321 914 pediculis
331 859 445 914 palpebre·

179 921 224 950 rum
241 937 448 953 .......
475 915 520 957 lbd.

11 963 13 970 ’
96 979 100 986 ,
119 959 152 1002 16.
168 960 199 1000 Dc
213 959 322 1002 oculorum
335 964 444 1014 graviori-

663 386 683 426 3.
698 386 869 440 compositiones
884 389 912 431 ad
932 402 976 432 orn-

711 437 841 480 niecurium
854 441 909 481 vitio
934 469 940 482 .
969 469 974 482 .
1015 445 1051 487 241

662 488 681 530 4.
696 485 727 528 Do
745 489 817 530 ulcere
832 489 922 534 sordido
937 504 975 532 au·

709 539 765 578 rium
799 569 804 581 .
833 566 838 578 .
934 570 972 584 ..
1012 545 1052 586 242

663 588 682 627 5.
696 587 809 630 Adversus
825 590 908 632 aurium
926 605 974 634 ver-

708 651 753 682 mos
803 667 976 684 ......
1003 646 1048 687 ibd.

661 688 680 728 6.
694 689 730 728 Ad
754 701 874 742 compressu
893 694 975 734 aurium

708 738 840 783 foramina.
867 773 872 784 .
901 771 907 783 .
933 775 939 786 .
969 772 975 784 .
1002 747 1047 788 ibd.

660 789 680 828 7.
694 789 730 830 Aa
742 801 830 842 grauem
848 795 944 834 auditum
970 824 976 836 .
1002 797 1047 838 ibri.

660 839 681 878 8.
695 839 730 880 Ad
740 842 834 882 sonitum
843 844 926 888 aurium
940 847 972 886 ln·

706 893 841 944 traseipsas
867 922 873 933 .
900 922 906 935 .
933 923 939 936 .
966 924 972 936 .
1011 898 1048 939 203

658 939 678 980 9.
693 939 728 980 Ad
741 953 778 990 ea,
797 954 852 994 quae
865 943 888 982 in
901 957 972 987 aurem

706 991 975 1043 inciderunt‚exirehende
1001 997 1047 1038 ibd.

117 1060 150 1101 1⁷.
167 1011 310 1126 ςιζῗῖγᾞξῗ
329 1038 445 1116 pjugypy‘dig
473 1016 518 1058 ibn.
547 1037 975 1104 Cap.t⁷111.1)enariumm0mrs
998 1051 1048 1100 244

181 1128 347 1180 μεμιγμενον
373 1123 443 1163 nomi.

179 1185 251 1222 natum
271 1208 468 1228 .......
481 1181 519 1225 233

117 1227 151 1271 18.
165 1228 196 1270 De
210 1229 319 1272 oculorum
335 1230 444 1290 ulceribus

143 1383 145 1387 ,
177 1284 447 1391 irritaturus-us
472 1331 518 1392 ....

116 1379 149 1420 19,
166 1379 287 1434 Collyrium
296 1382 382 1423 smilion
396 1405 412 1422 ·.
440 1409 445 1423 .
474 1384 518 1425 rbd.

113 1429 148 1470 20.
163 1431 250 1472 C.Euel
268 1431 310 1473 idis
321 1431 404 1475 chiron.
438 1461 444 1474 .
472 1434 517 1474 ibd.

116 1476 150 1520 21.
165 1482 188 1523 C.
200 1445 424 1542 ejusdemsphaorion
439 1513 444 1526 .
471 1484 517 1527 ibd.

114 1529 150 1570 22.
165 1531 188 1572 C.
199 1533 296 1582 ejusdem
313 1533 440 1584 liquidum.
481 1535 519 1578 234

114 1579 149 1622 23.
163 1579 195 1622 Dc
208 1583 268 1624 cavie
285 1584 396 1626 oculorum
410 1583 443 1626 ul·

176 1633 263 1674 ceribus
300 1661 444 1676 .....
470 1635 517 1677 ibd.

112 1681 147 1722 21.
162 1682 281 1735 Collyrium
295 1683 409 1725 Hermonis
435 1711 442 1726 .
469 1685 515 1729 itu.

113 1731 147 1773 25.
162 1731 194 1772 De
211 1734 347 1776 cicatricibus
367 1733 440 1776 oculo·

172 1795 232 1832 rum;
252 1785 278 1826 de
292 1785 390 1837 collyriis
405 1797 439 1826 os·

172 1833 253 1886 clepio,
265 1839 287 1876 et
302 1837 403 1890 canopite
419 1842 441 1876 et
468 1887 473 1897 υ
529 1861 531 1867 ,

111 1931 145 1973 26-
154 1895 291 1994 2557355150
299 1912 385 1994 ¹genere
400 1911 440 1982 'ins
467 1887 513 1932 Μ’

172 1985 323 2026 ilsmmatronis
364 1987 435 2028 oculo·
513 2019 515 2026 .

171 2047 226 2076 rum.
255 2036 373 2088 Collyrium
392 2049 439 2078 cee-

170 2087 278 2126 sarianum
297 2114 437 2130 .....
477 2089 514 2130 235
529 2119 531 2124 -

114 2133 147 2174 23.
162 2135 282 2187 Collyrium
292 2135 404 2178 Hieracis.
432 2164 438 2178 .
467 2137 512 2180 lbd.

112 2184 145 2224 20.
159 2183 190 2225 De
200 2187 260 2228 arida
269 2187 399 2278 lippitudine
435 2215 440 2228 .
467 2189 513 2230 ibo.

111 2233 145 2276 30.
160 2235 279 2288 Collyrium
294 2251 304 2277 r
321 2250 402 2279 rnron.
429 2265 436 2278 .
475 2239 513 2282 230

111 2284 144 2325 31.
159 2285 290 2339 Collyriaad
305 2289 378 2329 oculos
390 2300 436 2329 soa·

171 2336 222 2377 bros
262 2364 438 2381 ......
466 2338 512 2380 ibd.

110 2382 144 2425 32.
157 2384 188 2426 De
197 2387 292 2441 caligine
301 2389 413 2431 oculorum
429 2416 436 2430 .
474 2391 511 2431 237

104 2437 143 2483 33.
159 2443 279 2498 Collyrium
300 2435 349 2500 διὰ
373 2433 438 2508 κρό-

172 2519 224 2552 nov
262 2533 438 2551 ......
464 2507 511 2551 lbd.

110 2564 144 2608 31.
158 2567 190 2610 De
199 2569 306 2622 caligine,
320 2583 374 2624 quae
384 2585 434 2626 pro·

169 2624 217 2672 pier
241 2627 372 2663 senectutem
399 2630 436 2663 aut

167 2669 235 2756 Iliam
266 2671 436 2724 imbecillitatem
474 2727 502 2766 bd

177 2723 194 2759 rt
229 2747 438 2764 .......
464 2725 471 2764 i
504 2755 509 2768 .

108 2769 141 2808 35.
155 2767 186 2809 De
195 2771 313 2812 suffusione
327 2773 436 2814 oculorum
462 2776 508 2819 ibd.

108 2818 141 2860 36.
156 2817 323 2864 Deresolutione
331 2824 440 2866 oculorum
462 2827 508 2867 ibd.

107 2868 141 2908 37.
155 2869 186 2910 De
195 2873 298 2922 mydriasi
307 2874 416 2914 oculorum
427 2903 432 2916 .
470 2878 510 2918 230

107 2917 140 2958 33.
153 2920 185 2962 De
195 2921 345 2965 imbecillitate
359 2924 433 2966 oculo·

168 2981 215 3012 rum
231 3000 436 3018 .......
462 2976 508 3018 ibd.

109 3017 143 3063 ³9.
156 3021 192 3060 Ad
213 3024 301 3074 oculos,
320 3027 357 3076 qui
370 3037 434 3077 quum

165 3074 273 3126 sanguine
283 3074 360 3116 suffusi
376 3082 433 3126 sunt,

166 3123 301 3166 extrinsecus
319 3125 432 3168 offendun-

658 1108 676 1149 1.
689 1107 720 1148 Do
729 1109 818 1150 neribus
828 1111 956 1156 exulceratis
966 1143 971 1155 .
1000 1115 1045 1156 ibd.

658 1158 677 1198 2.
692 1157 721 1198 lle
740 1160 834 1200 carnosis
853 1164 972 1204 carunculis
991 1199 996 1210 ,

704 1209 788 1249 narium
828 1237 971 1254 .....
1010 1216 1046 1256 245

547 1257 667 1324 Cep.IX.
686 1263 728 1312 De
742 1263 862 1314 dentium
874 1265 965 1316 dolore
988 1269 1044 1318 ibd.

617 1328 650 1376 X.
675 1329 718 1379 De
734 1331 906 1382 tonsillarum
928 1335 968 1383 in·

656 1394 846 1447 flammatione·
880 1434 886 1448 .
922 1435 929 1450 .
965 1402 1045 1450 .247

616 1459 664 1509 XI.
681 1462 724 1511 De
738 1465 791 1512 oris
803 1464 940 1517 ulceribus
964 1503 970 1518 .
995 1467 1046 1518 248

615 1527 677 1578 XII.
695 1529 966 1596 Delinguaeulcori-

655 1595 705 1646 bus
745 1631 971 1652 ......
994 1601 1044 1651 250

614 1659 692 1712 XIII.
704 1661 747 1712 De
757 1665 927 1728 pomiidibus
939 1671 966 1716 et

653 1728 791 1781 ulceribus
838 1735 963 1799 gingiva-

652 1811 710 1846 rum
745 1832 966 1852 ......
986 1803 1041 1853 ibd.

611 1856 829 1916 XIV..Deuvua
846 1868 938 1920 morbo
962 1905 968 1918 .
993 1870 1041 1920 251

610 1929 669 1980 XV.
687 1930 729 1982 Dc
748 1947 847 1983 cancro
860 1936 914 1984 oris
961 1970 967 1984 .
992 1937 1043 1986 252

612 1996 685 2046 XVI.
702 1998 745 2047 Dc
760 2001 931 2061 parotidibus
961 2037 967 2050 .
993 2003 1042 2056 253

612 2062 698 2114 XVII.
717 2064 962 2132 Deumbilicopro·

650 2130 770 2180 minente
828 2166 834 2181 .
870 2166 878 2180 .
914 2169 921 2182 .
957 2133 1039 2186 .ibd.

603 2193 757 2246 xviiine
769 2199 963 2249 obscoenarum

649 2263 768 2366 partium
785 2265 863 2337 vitiis
913 2301 920 2316 .
949 2301 962 2339 Ι.
983 2267 1039 2340 ibd.

651 2326 966 2424 2:·l³i.⁰.iiiiiitil⁰⁰.³b.”¹¹ff
993 2335 1040 2426 iti

625 2426 864 2483 ‚3.l)ecancroeolie
889 2456 896 2469 .
923 2459 930 2471 .
956 2460 963 2475 .
1002 2435 1039 2474 256

650 2479 670 2519 4.
684 2476 715 2518 llo
724 2478 867 2531 phagedaena
876 2481 927 2522 colis
959 2510 965 2523 .
991 2484 1037 2524 ibd.

649 2529 669 2567 5.
685 2526 714 2567 Dc
724 2530 853 2570 carbunculo
863 2531 916 2571 colis
956 2561 961 2572 .
1000 2536 1037 2576 257

648 2578 668 2617 6.
683 2576 712 2616 Do
722 2579 867 2620 testiculorum
882 2583 965 2624 morbis
992 2585 1037 2627 ibd.

648 2627 668 2666 7.
684 2627 714 2668 De
725 2630 760 2669 eni
770 2633 859 2674 morbis.
870 2631 899 2674 De
911 2633 960 2674 rha-

696 2679 769 2730 gadiis
789 2708 962 2727 ......
990 2686 1035 2726 ibd.

648 2729 669 2768 8.
683 2728 713 2770 De
723 2731 891 2784 condylomate.
912 2762 925 2782 ,.
954 2761 960 2774 .
999 2739 1036 2776 258

648 2779 667 2818 9.
682 2779 712 2819 Da
724 2779 927 2824 haemorrhoidlbus
953 2811 959 2824 .
998 2787 1036 2826 256

634 2829 666 2870 70.
681 2828 705 2870 Si
714 2842 778 2879 anus,
798 2833 834 2871 vel
844 2843 867 2871 os
883 2834 959 2873 vulvae

692 2881 793 2932 procidit,
800 2893 842 2932 qua
851 2883 960 2924 curatione

692 2931 832 2970 utendumsit
854 2957 860 2970 .
879 2946 894 2972 ’.
921 2960 927 2973 .
956 2959 962 2974 .
989 2933 1034 2975 ibri.

634 2979 666 3020 11.
679 2978 710 3020 De
717 2981 786 3032 fungo
794 2982 879 3030 animat
885 2983 964 3024 vulvae
997 2985 1034 3026 260

535 3043 603 3111 (lep.
609 3047 681 3097 XIX.
700 3050 742 3099 Do
759 3051 905 3116 digitorum
916 3053 955 3101 ul·

645 3117 753 3166 ceribus
777 3153 956 3173 .....
975 3120 1032 3170 ibd.

166 3177 202 3212 tur
229 3201 435 3218 ·······
462 3176 779 3234 ibd-·L1ns1c.enrr1uus
824 3221 830 3234 .
866 3221 873 3235 .
910 3221 916 3235 .
954 3186 1034 3237 ,262

12 3225 148 3306 'capsur
167 3240 430 3296 Doauri'nmmorbis
458 3245 508 3298 239

120 3307 140 3347 1.
154 3305 184 3346 De
193 3305 319 3352 inflammet.
328 3315 349 3350 et
358 3308 434 3351 doloro

165 3358 249 3397 aurium
256 3384 432 3401 ......
460 3361 506 3402 ibd.

119 3407 138 3446 2.
152 3406 183 3447 De
196 3418 250 3460 pure
264 3413 286 3450 et
300 3410 356 3450 malo
365 3411 432 3452 odore
485 3423 486 3426 ¹

164 3459 249 3499 surium
289 3485 431 3501 .....
470 3461 507 3504 240

65 3528 165 3572 CELSUS·

633 3247 726 3300 Pracf.
749 3251 792 3301 Do
806 3251 953 3318 chirurgia,

668 3315 779 3380 ejusque
792 3317 916 3382 historia,
928 3327 955 3370 et

667 3381 700 3432 de
719 3387 814 3448 optimi
827 3384 954 3450 Chirurgi
975 3453 981 3464 .

668 3449 867 3576 qualitati2bus.
905 3487 911 3501 .
948 3452 1030 3502 ‚rbd
1088 3471 1090 3475 ’
