2384 3896
152 160 213 225 ιιι
446 174 480 220 ιι.
497 173 526 222 c.
542 171 641 221 canan
655 171 850 220 ιιιιιιιιιιιιιι

153 339 214 402 tur,
236 325 290 390 snb
312 325 442 406 qualibet
464 326 557 404 ligura
579 325 723 386 dilatatur.
758 325 804 386 Fit
823 333 852 384 et
872 325 903 384 in
924 323 1056 468 capillo,
1079 327 1134 384 et'
1126 345 1150 384 n

153 371 307 472 barba.-
320 407 447 487 ldrcro,
462 408 537 488 quod
553 426 570 468 a
588 410 734 488 serpentis
751 407 936 470 similitudine
971 401 1092 485 praesa
1105 427 1149 486 ap

153 495 296 574 pellatur,
316 494 417 572 incipit
436 493 472 554 ah
488 495 643 572 occipitio:
664 493 784 553 duorum
799 492 954 568 digitorum
971 492 1149 552 latitudines

153 595 210 639 aon
231 576 360 644 excedit:
383 576 420 638 ad
440 595 526 636 nares
546 574 660 636 duobus
683 575 824 654 capitibus
846 578 952 654 serpit;
979 575 1148 654 quibusdan

153 664 239 722 etiam
262 661 298 722 ad
314 660 453 737 frontem,
472 659 566 720 donec
582 678 614 720 se
631 659 688 720 duo
704 661 798 738 capita
813 659 841 717 ιιι
857 660 955 736 priore
973 668 1063 737 parte
1079 676 1160 719 coms

25 757 31 769 '
153 747 272 806 mittant.
293 744 367 804 lllad
382 746 478 804 vitium
495 745 524 804 in
537 742 667 822 qualibet
685 752 781 804 aetate
796 744 840 808 nm
861 741 919 802 hoc
936 743 1001 802 lere
1020 741 1147 802 inicias

153 829 245 891 tihns:
269 829 339 889 illud
359 829 408 888 vir
432 845 563 906 umquam
584 828 647 886 sina
670 829 834 901 curatione,
857 825 914 886 hoc
936 845 1045 904 perse
1065 843 1147 903 saepe

153 913 258 974 linitur.
295 912 415 987 Quidam
437 911 510 972 haec
525 929 635 988 genera
649 927 780 971 arearum
797 909 941 987 scalpello
957 919 1146 987 exasperant:

154 996 267 1076 quidam
283 996 393 1054 illinunt
409 995 557 1056 adurentia
571 1013 609 1054 ex
624 993 708 1064 oleo;
730 995 911 1071 maximeque
927 993 1059 1054 chartam
1078 1010 1147 1052 co}

154 1080 279 1138 bustam:
297 1078 409 1156 quidam
424 1080 547 1138 resinam
558 1077 781 1138 terebinthinam
798 1093 860 1136 curn
875 1076 989 1154 thapsia
1003 1077 1169 1136 inducentia

154 1162 214 1221 Sed
234 1161 305 1220 nihil
326 1161 427 1220 melius
444 1170 504 1238 est,
528 1178 611 1239 quarn
627 1161 767 1220 novacula
784 1159 911 1238 quotidie
926 1159 1052 1219 radere:
1078 1162 1147 1237 quia,

155 1261 239 1322 quum
267 1243 401 1322 paulatim
428 1261 534 1304 summa
562 1243 700 1322 pellicula
729 1245 828 1304 excisa
853 1253 914 1319 est,
945 1243 1148 1321 adaperiuntur

155 1327 277 1406 pilorum
291 1326 446 1386 radiculae.
483 1325 586 1405 Neque
603 1336 668 1387 ante
684 1336 800 1406 oportet
814 1327 975 1402 desistere,
992 1345 1081 1403 quam
1095 1327 1148 1386 ιιι-

154 1419 288 1489 quantem
311 1410 398 1488 pilum
421 1411 501 1471 nasci
524 1412 701 1490 apparuerit.
744 1409 777 1469 ld
797 1420 906 1486 autem,
929 1409 1007 1487 quod
1029 1410 1148 1470 subinde

154 1494 276 1570 raditur,
292 1494 363 1555 illini
381 1502 538 1555 atramento
555 1493 710 1571 scriptorio
726 1495 797 1553 satis
814 1503 867 1552 est.
1155 1508 1170 1546 ιι

524 1727 707 1794 CAPUT
742 1729 777 1788 V.

413 1841 450 1892 De
468 1841 551 1901 varis,
569 1840 694 1890 lenticulis
714 1847 738 1890 ct
756 1839 888 1905 ephelidia.

218 1991 314 2052 Paene
341 1992 467 2070 ineptiae
496 1999 560 2052 sunt
588 2008 690 2052 curare
717 2007 825 2066 varos,
858 1998 887 2049 et
916 1987 1096 2065 lenticulas
1123 1999 1147 2048 et

158 2075 323 2154 ephelidas:
361 2075 414 2136 sed
439 2076 513 2152 eripi
539 2083 633 2134 tamen
661 2074 775 2134 leminis
803 2091 871 2134 cura
901 2073 994 2134 cultus
1022 2076 1070 2134 sui
1097 2091 1148 2132 non

157 2169 265 2238 potest.
314 2157 361 2218 Ex
384 2151 439 2218 his
467 2167 581 2236 autem,
614 2159 677 2218 vari
702 2157 917 2234 lenticulaeque
943 2157 1035 2256 vqlgo
1067 2143 1171 2218 ιἰοιιιιι

136 2253 236 2316 ,sunm
259 2244 389 2321 quamvis
411 2243 504 2302 rarior
525 2259 560 2302 ea
584 2241 702 2319 species
725 2251 785 2317 est,
807 2259 892 2320 quam
913 2243 1026 2300 semion
1050 2241 1148 2302 Graeci

156 2336 277 2396 vocant;
308 2344 393 2405 quum
419 2326 456 2384 sit
481 2343 515 2384 ea
539 2323 675 2385 lenticula
699 2323 884 2385 rubicundior
908 2333 936 2384 et
959 2325 1146 2403 inaequalior.

133 2409 278 2489 ‚liphelis
300 2425 372 2470 vero
398 2427 414 2468 a
441 2409 589 2487 plerisque
618 2409 779 2484 ignoratur:
810 2419 886 2487 qua'e
907 2407 976 2467 nihil
1005 2417 1072 2484 est,
1101 2408 1147 2468 nisi

156 2495 299 2571 asperitas
324 2493 464 2570 quaedum
491 2501 519 2551 ct
546 2492 664 2552 durities
690 2492 757 2551 mali
792 2491 911 2552 coloris.
959 2489 1071 2552 Cetera
1098 2509 1148 2552 non

156 2577 210 2634 nisi
235 2577 264 2633 in
289 2574 379 2634 facie:
412 2575 548 2636 lenticula
576 2575 660 2636 etiam
684 2577 713 2634 in
743 2574 798 2634 alia
825 2585 908 2653 parte
937 2591 1169 2654 nonnumquamu

156 2659 237 2716 nasci
257 2656 348 2726 solet;
376 2657 412 2716 dc
434 2675 489 2736 qua
503 2676 556 2736 per
571 2676 603 2718 sc
617 2656 747 2717 scribere
766 2657 823 2718 alio
839 2658 906 2717 loco
930 2657 1024 2716 visum
1041 2675 1148 2740 operae

156 2741 279 2820 pretium
290 2756 347 2799 non
368 2749 422 2800 est.
460 2741 519 2801 Sed
535 2744 596 2801 vari
613 2742 842 2801 commodissime
862 2740 1002 2801 tolluntur
1018 2743 1147 2819 imposita

156 2825 265 2901 resina,
290 2823 335 2882 cui
357 2840 415 2882 non
437 2825 527 2883 minus
550 2843 634 2904 qnam
656 2825 720 2903 ipsa
741 2834 802 2900 est,
819 2823 948 2884 aluminis
967 2825 1110 2902 scissilis,
1124 2833 1149 2882 et

156 2909 270 2989 paulum
285 2907 380 2968 mellis
395 2907 538 2984 adjectum
560 2910 605 2967 sit.
637 2907 812 2968 Lenticulam
830 2907 933 2966 tollunt
952 2906 1112 2983 galbanum
1124 2917 1148 2966 ct

155 2995 274 3068 nitrum,
300 3011 384 3070 quum
403 3009 490 3072 pares
504 2993 654 3069 portiones
669 2990 789 3067 habent,
812 2991 993 3070 contritaque
1010 3009 1050 3052 cx
1066 3001 1171 3052 acerna

157 3084 239 3150 sunt,
266 3076 361 3136 donec
383 3074 419 3136 ad
440 3075 534 3134 mellis
555 3075 772 3136 crassitudinem
792 3075 932 3134 venerint.
967 3073 1021 3134 His
1042 3092 1148 3154 corpus

156 3155 339 3232 illinendum,
361 3168 406 3234 et,
427 3158 604 3237 interpositis
626 3157 755 3236 pluribus
778 3157 874 3234 horis,
896 3175 979 3218 mane
996 3159 1148 3220 eluendum

157 3249 217 3315 est,
246 3239 372 3317 oleoque
405 3242 509 3300 leniter
537 3241 707 3318 ungendum.
742 3241 915 3320 Ephelidem
937 3241 1013 3301 tollit
1037 3245 1147 3316 resina,

156 3324 203 3384 cui
223 3322 306 3382 tertia
329 3340 397 3400 pars
413 3325 483 3384 salis
503 3323 613 3386 fossilis
629 3332 657 3384 et
681 3325 795 3404 paulum
816 3324 910 3385 mellis
931 3325 1078 3402 adjectum
1104 3329 1145 3386 sit.

155 3405 201 3468 dd
223 3405 317 3466 omnia
341 3423 412 3466 vero
435 3409 506 3484 ista,
528 3417 615 3488 atquc
637 3410 722 3468 etiam
744 3409 779 3469 ad
802 3407 976 3470 colorandas
995 3411 1170 3472 cicatricess
