2372 3892
335 271 339 278 .
383 227 538 277 uts.vtr1.
562 229 636 278 cnr.
653 231 675 278 1.
962 223 1022 284 325

28 381 86 457 qui
106 381 188 454 juxta
210 381 347 440 foramina
367 384 441 442 auris
463 391 523 458 cst,
541 384 665 443 cardinis
687 385 773 445 modo
789 385 832 454 lit;
855 388 951 466 ibique
966 389 1023 450 huo

28 473 66 526 et
81 464 150 523 illoc
169 483 200 524 se
216 465 354 526 inclinans
370 465 503 524 maxillae
519 467 684 528 facultatem
700 477 793 528 motus
810 481 946 548 praestat.
964 472 1021 532 Du-

27 550 133 607 riores
149 565 217 608 osse
234 547 335 608 dentes
352 558 429 608 sunt:
454 553 578 626 quorum
589 569 655 627 pars
677 551 825 629 maxillae,
848 573 915 631 pars
937 575 1021 636 supe-

27 632 109 692 riori
124 634 183 691 ossi
207 633 341 693 malarum
364 632 474 692 haeret.
504 632 549 692 Ex
566 632 610 692 his
627 637 756 711 quaterni
771 637 863 714 primi,
887 639 952 716 quia
976 657 1021 698 se-

2 725 115 790 scant,
132 723 241 794 τομεϊς
262 735 278 776 a
302 715 421 776 Graecis
444 717 632 776 nominantur.
660 717 695 778 lli
717 718 819 778 deinde
836 732 958 798 quatuor
974 740 1021 782 ca-

28 801 112 860 ninis
125 799 257 860 dentibus
273 801 397 858 exomni
412 801 667 877 partecingontur.
693 803 775 863 Ultra
791 821 863 881 quos
879 806 1021 882 utrimque

29 883 102 942 iere
118 883 281 943 maxillares
298 885 374 960 quini
389 891 468 958 sont,
485 893 684 962 praeterquam
700 887 727 946 in
743 887 792 960 iis,
815 889 842 944 in
860 887 962 965 quibus
979 889 1019 946 ul·

30 966 178 1044 timi,'qui
196 982 263 1026 sero
279 967 359 1042 gigni
376 966 485 1041 solent,
497 985 552 1028 non
571 968 763 1028 increverunt.
791 967 835 1028 llx
857 969 900 1030 his
916 973 1019 1049 primo·

29 1067 87 1110 res
106 1051 224 1126 singulis
240 1050 400 1118 radicibns;
417 1049 580 1110 maxillares
595 1051 691 1128 utique
709 1052 792 1128 binis,
808 1053 920 1130 quidam
936 1056 1021 1114 etiam

5 1137 139 1208 oteruis,
156 1135 338 1211 quaternisve
354 1134 486 1192 nituntur.
519 1133 652 1212 Fereque
669 1135 783 1212 longior
806 1136 887 1196 radix
905 1137 1019 1197 brevio·

29 1235 99 1276 rem
122 1217 233 1276 dentem
256 1217 328 1286 edit;
350 1217 480 1294 rectique
502 1217 595 1277 dentis
618 1227 697 1278 recta
715 1220 797 1278 etiam
815 1219 912 1295 radix,
941 1223 1020 1280 curvi

29 1301 113 1360 llexa
137 1310 190 1362 est.
218 1300 320 1378 Exque
341 1300 440 1360 eadem
462 1301 559 1360 radice
580 1302 608 1358 in
622 1303 720 1378 pueris
735 1319 826 1360 novus
844 1303 914 1362 dens
933 1304 1019 1377 srrlrit,
1043 1333 1045 1338 ·
1126 1365 1128 1371 ,

30 1387 84 1462 qui
100 1385 190 1444 multo
205 1385 320 1463 saepius
342 1385 468 1462 priorem
492 1384 630 1466 expellit:
656 1385 794 1445 interdum
816 1394 909 1445 tamen
933 1405 1020 1464 supra

29 1469 148 1527 infrave
172 1486 235 1526 corn
251 1487 283 1548 se
300 1467 432 1527 ostendit.

100 1550 193 1629 Caput
211 1561 303 1611 autem
319 1554 401 1631 spina
418 1550 534 1628 excipit.
561 1550 604 1610 ua
622 1560 734 1611 constat
746 1569 783 1610 ex
795 1549 939 1612 vertebris
952 1569 1018 1630 qua·

29 1644 100 1694 tuor
117 1644 145 1694 et
161 1637 270 1712 viginti.
299 1637 415 1716 Septem
431 1636 458 1693 in
475 1635 591 1694 cervice
609 1644 683 1709 sunt,
700 1635 851 1694 duodecim
863 1635 898 1695 ad
911 1645 1018 1709 costas,

31 1718 166 1796 reliquae
183 1721 307 1796 quinque
322 1727 387 1778 sunt
403 1719 552 1798 proximae
571 1719 671 1787 costis.
704 1717 765 1778 Eae
778 1725 886 1778 teretes
900 1718 1018 1778 breves·

32 1820 92 1880 que
114 1802 151 1862 ab
168 1811 289 1880 utroque
306 1803 396 1862 latere
415 1819 568 1880 processus
589 1802 660 1862 duos
677 1804 810 1878 exigunt:
826 1802 938 1860 mediae
953 1820 1019 1881 per·

32 1884 167 1961 ior'atae,
188 1903 243 1964 qua
266 1881 367 1965 spinae
388 1885 512 1944 medulla
533 1885 655 1945 cerebro
678 1887 828 1945 commissa
853 1885 1017 1945 descendit:

0 1996 18 2021 Ιι
33 1970 116 2030 circa
133 1987 247 2047 quoqne
261 1987 312 2047 per
326 1969 398 2028 duos
412 1986 569 2046 processus
583 1969 714 2028 tenuibus
730 1971 808 2029 cavis
825 1971 953 2047 perviae,
967 1979 1020 2046 pe'r

34 2069 112 2130 quae
128 2071 144 2112 a
163 2052 325 2112 membrana
346 2052 458 2113 cerebri
473 2053 580 2111 similes
604 2051 816 2112 membranulae
833 2051 1017 2111 deducuntur.

34 2135 1018 2214 Omnesquevertebrae,exceptistribussummis,asuperioreparte

33 2221 63 2280 iu
80 2221 152 2298 ipsis
168 2219 357 2298 processibus
374 2219 485 2298 paulurn
502 2219 667 2278 desidentes
683 2220 761 2277 sinus
776 2216 896 2278 habent:
926 2216 960 2276 ab
978 2219 1017 2274 in·

33 2304 145 2363 seriore
160 2304 233 2362 alios
250 2303 382 2362 deorsum
402 2321 505 2362 versus
527 2320 683 2379 processus
706 2303 824 2378 exigunt
837 2299 871 2377 ¹).
906 2301 1017 2358 Summa
1101 2313 1103 2317 ’

0 2412 5 2431 ι
34 2389 123 2463 igitur
147 2389 275 2465 protinus
305 2394 390 2465 caput
413 2388 542 2457 sustinet,
560 2404 612 2464 per
628 2387 699 2446 duos
718 2387 795 2444 sinus
815 2385 943 2461 receptis
959 2386 1017 2443 exi-

33 2472 97 2546 guis
127 2472 189 2544 ejus
213 2468 420 2547 processibus3
452 2485 509 2546 quo
525 2469 571 2545 sut,
598 2478 626 2528 ut
642 2487 675 2528 ca
698 2477 728 2528 ut
750 2486 861 2528 sursum
885 2467 1018 2527 deorsum

32 2573 150 2612 versum
173 2553 319 2613 tuberibus
343 2551 541 2629 exaspereturt
577 2487 703 2612 secuncgu
724 2553 865 2628 superiori
885 2553 957 2630 parti
978 2552 1018 2610 in·

33 2637 146 2696 feriori.
180 2638 262 2712 Quod
280 2637 314 2696 ad
330 2637 476 2696 circuitum
495 2636 629 2715 pertinet,
646 2653 714 2715 pars
726 2653 831 2694 summa
851 2637 1018 2711 angustiore

33 2720 106 2780 orbe
134 2721 242 2780 finitur:
260 2722 302 2780 ita
330 2722 461 2798 superior
484 2721 511 2778 ei
537 2737 662 2779 sommae
685 2718 858 2778 circumdata
880 2720 908 2777 in
927 2718 1019 2778 latera

0 2827 19 2853 c
35 2820 152 2881 quoque
179 2813 264 2881 caput
284 2804 395 2862 moveri
417 2805 491 2862 sinit.
524 2802 620 2862 Tertia
643 2803 743 2862 eodem
767 2802 852 2862 modo
865 2802 1018 2860 secundam

34 2888 161 2964 excipit:
178 2905 215 2946 ex
231 2905 289 2964 quo
307 2885 400 2945 iacilis
417 2887 524 2945 cervici
537 2885 680 2944 mobilitas
696 2895 750 2944 est.
774 2886 819 2945 Ac
835 2903 871 2942 ne
884 2885 1018 2943 sustineri

34 2970 148 3045 quidem
166 2980 251 3049 caput
267 2969 452 3049 posset,-nisi
469 2971 609 3046 utrimque
630 2969 704 3027 recti
726 2968 915 3043 valentesque
937 2967 1019 3025 nervi

35 3052 140 3114 collum
159 3055 348 3128 continerent,
367 3071 439 3132 quos
456 3047 612 3120 τένοντας
627 3051 730 3111 Graeci
748 3050 911 3128 appellant:
931 3050 1017 3127 siqui·

34 3134 96 3195 dem
125 3138 225 3198 borum
251 3140 326 3197 inter
348 3153 447 3196 omnes
468 3136 560 3195 llexus
581 3134 654 3194 alter
669 3151 786 3210 semper
807 3135 929 3192 intentus
944 3133 1017 3192 ultra

4 3219 147 3296 sprctam
164 3224 315 3299 superiora
330 3238 388 3282 non
399 3220 512 3299 patitur.
540 3219 661 3294 Jaurqne
676 3215 810 3276 vertebra
825 3218 908 3276 tertia
923 3217 1017 3276 tuber·

36 3352 238 3366 M·-

60 3487 66 3500 ·
103 3419 129 3483 l)
145 3422 227 3472 Locus
242 3421 399 3472 bicmaxime
412 3429 527 3482 vexatus,
541 3418 601 3470 mihi
614 3419 712 3468 videtur
721 3419 896 3483 integerrimus
909 3419 929 3468 si
939 3417 970 3466 ad
982 3417 1016 3466 si·

34 3499 95 3538 muas
106 3500 204 3558 specto.
