2396 3904
156 161 218 228 850
451 167 856 222 commutaremus

155 329 218 392 dari
234 328 324 390 inscia
341 322 475 402 debebit,
496 334 527 386 nt
548 325 710 404 inpositum
729 325 974 386 medicamentum
999 325 1152 388 contiueat.

157 411 262 474 Cetera
279 411 395 487 eadem,
418 427 492 489 quae
506 427 593 488 supra
613 411 737 487 scripsi,
767 410 900 470 iacienda
917 419 1004 470 sunt:
1030 420 1152 489 praeter·

155 516 238 578 quarn
255 496 331 577 quod
347 511 441 573 nequa
456 493 573 570 ferulis,
598 511 694 571 neque
718 494 876 570 canalibus,
892 495 974 554 inter
997 513 1079 573 quae
1096 494 1152 553 tul·

154 601 208 643 nus
223 597 379 644 sanescere
401 595 458 637 non
480 587 590 656 potest,
616 577 668 636 sed
695 577 823 657 pluribus
847 578 1057 638 tautummodo
1076 587 1105 637 et
1119 578 1151 636 la

155 665 285 726 xioribus
300 664 400 724 lasoils
416 679 489 740 opus
505 670 564 722 est:
581 661 826 740 ingerendumque
843 661 968 721 subinde
987 663 1018 722 in
1038 681 1092 720 eas
1114 671 1168 724 ests
1193 689 1194 726 ι

155 749 278 811 calidum
294 748 403 824 oleum,
420 754 449 805 et
463 747 573 814 viuum3
590 747 740 823 magisque
755 748 784 804 in
799 747 892 825 primo
904 745 987 806 lame
1006 745 1149 812 utendum:

155 835 257 894 vulnus
278 832 369 892 calida
393 847 467 907 aqua
482 828 651 896 fovendum:
669 830 821 908 frigusque
832 831 909 890 omui
926 831 1051 890 ratione
1069 833 1150 888 vitan·

155 919 233 985 dum;
250 926 279 976 et
293 913 494 976 transeundum
516 913 551 973 ad
572 913 798 989 medicamenta,
822 931 895 992 quac
918 917 988 990 puri
1010 913 1151 972 mouendo

155 1012 234 1062 sunt:
253 1001 402 1076 majorque
424 996 550 1072 vulneri,
577 1013 660 1074 quam
685 997 745 1056 ossi
767 1015 835 1056 cura
856 997 1041 1057 adhibenda.
1077 997 1150 1072 Ergo

155 1084 283 1165 quotidie
303 1080 471 1142 solvendum
487 1081 723 1158 nutriendumque
746 1089 800 1140 est.
834 1080 913 1139 luter
937 1083 1064 1158 quaesi
1082 1081 1172 1158 qnodo

155 1167 303 1247 parvulum
323 1165 511 1240 fragmentum
534 1167 610 1224 ossis
626 1166 749 1239 eminet,
767 1165 810 1240 id,
838 1165 862 1223 si
885 1173 1021 1224 retusum
1047 1175 1109 1238 est,
1128 1167 1150 1223 ir

154 1268 233 1311 suam
250 1249 348 1309 sedem
367 1248 502 1308 dandum:
519 1250 543 1306 si
559 1257 687 1324 acutum,
706 1257 771 1308 ante
792 1265 912 1308 acumen
935 1249 1020 1323 ejus3
1048 1251 1075 1308 si
1096 1249 1149 1308 lon·

94 1405 100 1416 ¹
155 1335 219 1412 gius
236 1343 296 1408 est,
311 1331 550 1412 praecidendum
568 1333 593 1391 si
610 1332 742 1409 breuius,
760 1331 926 1407 limandum,
946 1341 978 1390 et
1001 1342 1149 1410 utrumque

154 1419 272 1497 scalpro
289 1415 472 1476 laevandum:
489 1425 545 1476 tum
563 1417 656 1495 ipsum
677 1415 891 1475 recondendum
916 1425 979 1475 est:
997 1435 1054 1493 ac,
1083 1419 1106 1475 si
1127 1415 1148 1474 il

154 1521 253 1562 uranus
268 1501 368 1560 iacere
383 1515 440 1558 non
458 1507 571 1576 potest,
587 1499 725 1576 vulsella,
743 1499 820 1579 quali
837 1499 910 1561 labri
935 1509 1076 1576 utuntur,
1094 1502 1146 1574 inji·
1155 1525 1169 1564 ιι

156 1586 257 1648 cienda
273 1593 316 1644 est
332 1591 413 1644 recte
431 1601 462 1642 se
481 1581 597 1642 babenti
614 1585 701 1662 capiti
719 1583 755 1643 ab
769 1601 805 1643 ea
820 1593 919 1661 parte,
937 1601 997 1661 qna
1012 1586 1089 1645 sima
1100 1591 1146 1650 est:

155 1680 184 1730 ut
201 1688 234 1729 ea
250 1677 333 1748 parte
348 1683 403 1746 qua
418 1665 506 1742 gibba
519 1675 579 1743 esi,
596 1670 723 1726 eminens
739 1685 773 1726 cs
791 1669 819 1726 in
842 1685 922 1726 suam
943 1667 1052 1728 sedem
1078 1685 1145 1728 com·

156 1754 254 1832 pellat.
300 1753 330 1811 Si
348 1751 376 1810 id
398 1751 488 1825 majus
507 1759 570 1827 est,
594 1750 854 1829 membranulisque
877 1752 1023 1827 cingitur,
1056 1753 1145 1811 sinere

156 1843 273 1915 oporiet
287 1852 338 1895 eas
355 1834 407 1894 sub
419 1833 635 1894 medicamentis
651 1835 777 1910 resolvi,
794 1835 880 1912 idque
898 1853 943 1909 os,
960 1835 1012 1894 ubi
1023 1837 1088 1910 jam
1104 1853 1144 1894 nn·
1193 1887 1194 1898 ,

155 1921 248 1980 datum
264 1927 325 1996 est,
342 1918 526 1986 abscindere;
543 1919 619 1996 quod
630 1920 765 1979 maturius
781 1919 894 1978 scilicet
909 1918 1081 1979 faciendum
1094 1928 1167 1979 estat

156 2011 312 2084 potestque
328 2020 362 2062 ea
378 2003 490 2062 ratione
506 2010 535 2060 et
550 2021 584 2062 os
600 2005 692 2078 coire,
709 2011 738 2062 et
757 2002 858 2062 vulnus
879 2020 1059 2066 sanescere:
1084 2002 1144 2062 illud
1191 2015 1193 2086 p

156 2107 207 2148 cuo
224 2097 371 2165 tempore;
388 2086 459 2162 hoc,
481 2093 567 2164 prout
589 2105 621 2146 se
644 2086 740 2146 habet.
776 2085 998 2163 Nonnumquam
1022 2089 1109 2147 etiam
1122 2087 1143 2144 iu

154 2189 258 2249 magno
276 2170 396 2230 vnlnere
412 2171 525 2246 evenit,
542 2178 572 2228 ut
585 2171 745 2247 fragmenta
762 2169 901 2249 quaedam
912 2171 995 2230 velut
1008 2175 1144 2232 emoriar

154 2267 213 2333 tur,
238 2273 333 2332 neque
350 2271 413 2314 cum
435 2254 541 2314 ceteris
563 2262 682 2314 coeant:
706 2254 783 2332 quod
804 2253 852 2312 lrio
871 2270 989 2332 quoque
1008 2273 1049 2316 ex
1065 2254 1143 2314 modo

154 2341 267 2402 liuentis
284 2337 412 2399 humoris
430 2337 586 2413 colligitur.
617 2338 681 2412 Quo
690 2339 782 2413 magis
796 2339 992 2397 necessarium
1011 2349 1070 2415 est,
1087 2348 1165 2398 saed

154 2426 218 2503 pius
233 2419 338 2482 vulnus
349 2420 509 2496 resolvere,
524 2430 611 2499 atque
627 2423 742 2481 nutrire.
768 2422 905 2498 Sequitur
918 2439 1004 2496 vero,
1023 2433 1055 2482 ut
1072 2423 1101 2482 id
1116 2439 1143 2482 os

155 2525 209 2585 per
232 2524 264 2565 se
288 2514 354 2585 post
372 2505 481 2584 aliquot
502 2503 564 2564 dies
586 2505 710 2566 excidat.
742 2506 834 2580 Quum
857 2513 914 2566 tam
933 2505 1046 2566 misera
1067 2514 1144 2566 antea

156 2589 282 2648 conditio
294 2589 421 2648 vulneris
438 2591 491 2664 sit,
510 2597 605 2649 tamen
620 2589 648 2648 id
660 2588 799 2672 interdum
810 2605 909 2648 manus
925 2587 1096 2668 diutiusque
1109 2589 1142 2649 ia·

156 2673 207 2739 cit:
224 2689 314 2749 saepe
330 2672 404 2731 enim
422 2672 534 2748 integra
551 2682 616 2732 cute
632 2689 666 2732 os
677 2671 862 2750 abrumpitur,
875 2673 1072 2752 protinusque·
1084 2691 1141 2752 pru·

100 2777 103 2784 ·
154 2759 218 2834 rigo
233 2765 262 2816 et
274 2754 359 2816 dolor
373 2755 472 2814 oritur.
497 2756 582 2830 Quod
597 2757 724 2832 solvere,
738 2757 762 2815 si
778 2756 1045 2832 accidit,maturius
1061 2764 1164 2835 oport
1191 2769 1192 2836 i

154 2851 206 2920 tet,
219 2851 249 2902 et
263 2842 366 2901 lovere
382 2855 471 2919 aqua;
488 2849 704 2918 permutatam,
720 2840 839 2916 irigida;
856 2857 909 2917 per
924 2839 1063 2917 hiemen,
1079 2858 1139 2916 ege

154 2927 227 2988 lida:
243 2925 345 2986 deiude
362 2934 488 2985 cerotum
502 2933 641 2987 murteum
663 2927 824 3002 imponere.
852 2921 999 2982 Interdum
1020 2925 1139 2984 fractura

48 3011 55 3020 '
157 3009 324 3090 quibusdam
343 3008 422 3070 velut
437 3008 546 3068 aculeis
562 3024 677 3068 carnem
694 3015 789 3068 vexat.
821 3007 886 3081 Quo
909 3023 926 3066 a
949 3010 1139 3085 prurigineet

155 3092 357 3171 punctionibus
381 3094 514 3171 cognito,
533 3093 647 3170 aperire
670 3091 698 3151 id
720 3089 869 3166 medicus,
893 3107 1008 3168 eosqne
1025 3091 1137 3150 aculeos
1191 3087 1192 3120 ἓ

155 3176 325 3254 praecidere
342 3194 465 3238 necesse
482 3175 578 3236 habet.
604 3175 728 3252 Reliqua
748 3192 820 3254 vero
837 3175 947 3233 curatio
972 3176 1003 3232 in
1021 3185 1161 3252 utroquas

156 3259 212 3318 boc
228 3276 297 3319 casu
314 3260 413 3319 eadem
429 3271 492 3337 est,
509 3279 583 3340 quae
597 3259 645 3318 ubi
660 3259 777 3338 plagam
798 3258 872 3318 icius
887 3258 1022 3336 protinus
1042 3257 1137 3318 intulit.

155 3343 230 3404 l’uro
253 3343 311 3418 jam
331 3340 448 3417 ulcere,
471 3344 543 3404 cibis
555 3344 601 3404 bic
613 3361 727 3422 quoque
742 3341 876 3402 utendum
893 3349 938 3400 est
950 3357 1135 3420 carnempro

155 3418 334 3488 ducentibus.
367 3427 397 3488 Si
420 3426 537 3490 brevius
559 3427 651 3488 adbuc
671 3425 827 3487 membrum
850 3434 912 3502 cst,
936 3433 965 3484 et
988 3444 1058 3488 ossa
1077 3425 1134 3486 loct
