2392 3906
428 205 497 252 uun.
514 205 550 251 11.
567 203 640 252 one.
658 206 703 252 x1.
1024 195 1063 254 55

64 359 148 418 nire
161 374 220 416 non
236 365 334 436 potest
354 357 406 418 sub
427 358 613 433 comedim,
640 361 687 438 qui
708 362 762 420 scit
785 378 821 420 ex
843 360 919 444 quali
939 377 1062 437 corpore

65 443 195 518 sanguis
213 440 363 502 mittendus
380 444 425 501 sit.
454 441 526 502 lllud
540 444 632 519 magis
646 443 707 502 lieri
723 444 813 519 solet,
828 453 858 503 ut
873 463 963 523 aeque
981 445 1064 520 niger

66 523 192 586 assidue
213 525 303 604 primo
324 524 372 585 die
392 525 530 604 profluat:
556 525 633 605 quod
651 529 778 603 quamvis
795 529 832 587 ita
850 537 908 604 est,
931 537 1023 587 temen
1040 528 1063 586 si
1118 601 1124 612 ι

61 611 129 686 jam
147 611 219 668 satis
234 608 328 686 fluxit,
352 610 571 688 supprimendus
591 618 649 678 est;
671 629 843 689 semperque
862 621 927 671 ante
944 613 1007 670 linis
1022 611 1035 668 f
1052 644 1061 654 -

40 713 53 751 u
69 693 198 754 ciendus
212 702 273 768 est,
294 710 377 772 quam
393 695 484 753 anima
499 693 623 754 deficiat.
657 693 902 773 Deligandumque
917 693 1062 754 brachium

67 778 300 856 superimposito
317 794 459 855 expresso
475 795 512 836 ex
528 795 601 856 aqua
615 776 719 854 frigide
734 779 885 857 penicillo:
903 787 931 837 et
943 787 1061 856 postero

69 862 120 922 die
143 876 253 918 averso
281 860 376 920 medio
392 861 481 938 digito
492 879 566 920 vena
580 861 718 938 ferienda,
735 871 762 920 ut
777 881 880 922 recens
893 861 986 921 coitus
1000 861 1063 936 ejus

69 945 251 1020 resolvatur,
273 945 431 1023 iterumque
450 947 615 1021 sanguinem
630 944 737 1005 fundet.
770 947 838 1005 Sive
854 955 945 1005 autem
962 947 1061 1024 primo,

73 1033 137 1090 sive
152 1028 281 1088 secundo
299 1028 345 1087 die
359 1030 489 1105 sanguis,
506 1029 553 1106 qui
571 1047 684 1088 crassus
700 1038 728 1089 et
742 1031 823 1106 niger
837 1031 914 1089 initio
930 1028 1060 1102 iluxerat,

41 1137 69 1178 ro
78 1122 109 1172 et
122 1111 235 1189 rubere,
253 1121 281 1173 et
296 1111 444 1190 pollucere
463 1114 577 1190 coepit,
596 1114 666 1172 satis
686 1115 821 1174 materiae
837 1114 991 1173 detractum
1007 1121 1061 1187 est,

77 1205 161 1273 atque
173 1195 251 1276 quod
261 1205 404 1274 superest,
417 1198 559 1256 sincerum
571 1205 628 1256 est:
643 1195 765 1275 ideoque
778 1199 906 1277 protinus
917 1195 1062 1256 brachium

74 1279 274 1357 deligandum,
297 1279 514 1358 habendumque
535 1281 574 1340 ita
589 1289 647 1356 est,
668 1280 762 1341 donec
776 1279 875 1342 valens
898 1279 1062 1340 cicatricula

71 1365 110 1423 sit
116 1387 123 1433 ;
141 1382 216 1443 quae
232 1362 383 1424 celerrime
397 1365 426 1424 in
441 1383 515 1424 vena
531 1365 721 1424 confirmatur.

432 1599 613 1662 CAPUT
644 1601 708 1662 XI.

38 1721 60 1760 rt
367 1710 403 1760 De
419 1711 552 1762 cucurbitis
570 1711 765 1762 medicinalibus.

133 1859 380 1924 Cucurbitularum
400 1877 471 1924 vero
495 1862 550 1933 (luo
567 1881 675 1940 genera
696 1871 773 1930 sunt;
791 1880 924 1937 aeneum,
947 1872 975 1922 et
997 1879 1060 1922 cor·

69 1963 167 2006 neum.
198 1945 313 2022 Aenea,
338 1946 426 2008 altera
441 1955 522 2025 parte
539 1955 626 2024 patet,
644 1948 734 2007 altera
750 1947 847 2006 clausa
863 1956 921 2006 est:
945 1965 1060 2022 cornea,

69 2031 164 2091 altera
185 2038 268 2106 parte
288 2049 380 2108 aeque
402 2039 518 2108 patens,
546 2030 635 2090 altera
659 2031 789 2091 foramen
810 2029 896 2090 habet
918 2032 1060 2106 exiguum.

68 2115 102 2174 ln
122 2131 243 2173 aeneam
265 2113 445 2173 linamentum
460 2113 564 2172 ardens
580 2115 745 2191 conjicitur,
762 2132 796 2174 ac
812 2115 854 2173 sic
870 2131 903 2173 os
920 2115 982 2188 ejus
998 2131 1061 2173 cor-

33 2199 137 2278 rupori
160 2204 289 2274 aptatur,
312 2198 551 2276 imprimiturque,
574 2197 668 2256 donee
689 2197 845 2257 inhaereat.
875 2196 988 2256 Cornea
1009 2215 1062 2275 per

71 2300 106 2342 se
122 2281 238 2360 corpori
253 2282 423 2360 imponitnr;
444 2279 548 2355 deinde
571 2279 617 2338 ubi
633 2299 667 2340 ea
685 2291 775 2364 parte,
799 2298 853 2358 qua
871 2281 1003 2356 exiguum
1018 2281 1031 2338 i
1050 2312 1059 2326 ·

74 2383 172 2424 ramen
193 2373 254 2447 est,
278 2383 329 2424 ore
350 2365 467 2444 ppiritus
483 2363 619 2423 adductus
635 2374 694 2439 est,
715 2381 860 2442 superque
879 2381 945 2423 cera
962 2381 1060 2422 cavum

76 2447 105 2508 id
120 2447 243 2508 clausum
260 2458 317 2526 est,
338 2467 430 2527 aeque
450 2447 633 2506 inhaerescit.
666 2449 794 2526 Utraque
809 2465 866 2505 non
884 2461 920 2512 ex
937 2446 981 2505 his
1001 2456 1060 2506 tan-

18 2554 25 2562 ·
72 2542 129 2592 turn
143 2533 281 2592 materiae
295 2532 463 2609 generibus,
485 2531 635 2592 sedetiam
651 2531 831 2610 exquolibet
851 2531 907 2590 alio
923 2540 1004 2590 recte
1021 2531 1060 2590 iit.

32 2639 59 2678 cs
69 2617 116 2676 Ac
130 2617 155 2674 si
172 2625 269 2676 cetera
285 2615 463 2692 deiecerunt,
479 2616 617 2676 caliculus
632 2633 755 2694 quoque,
772 2623 818 2674 aut
832 2615 970 2692 pultarius
1002 2617 1061 2674 oris

67 2701 305 2780 compressioris,
322 2701 348 2758 ei
364 2701 406 2759 rei
419 2699 567 2760 commode
583 2709 704 2778 aptatur.
738 2698 794 2759 Ubi
808 2697 940 2773 inhaesit,
956 2700 979 2757 si
993 2715 1060 2756 corr-

66 2786 129 2846 cisa
145 2793 211 2843 ante
227 2783 370 2863 scalpello
387 2785 459 2844 cutis
474 2792 534 2860 est,
554 2785 720 2860 sanguinem
743 2781 878 2849 extrahit;
904 2783 927 2842 si
948 2784 1060 2858 integra

63 2876 122 2944 est,
139 2868 281 2945 spiritum·
310 2867 391 2944 Ergo
406 2867 454 2926 ubi
469 2868 599 2943 materia,
623 2885 696 2946 quae
715 2867 787 2925 intus
804 2875 866 2941 est,
888 2863 989 2940 laedit,
1011 2864 1060 2923 illo

62 2950 171 3020 modo;
188 2950 235 3010 ubi
250 2951 367 3026 inflatio,
383 2951 439 3010 hoc
456 2951 560 3030 imponi
575 2950 660 3010 solet.
689 2951 765 3012 Usus
787 2958 879 3008 autern
902 2947 1060 3008 cucurbitu-

28 3037 114 3096 eolae
138 3037 314 3114 praecipuus
338 3043 399 3110 est,
422 3033 469 3093 ubi
491 3053 549 3093 non
569 3036 596 3093 in
617 3043 678 3093 toto
702 3050 841 3112 corpore,
865 3031 915 3091 sed
934 3033 961 3090 in
979 3041 1061 3110 parte

61 3120 165 3198 aliqua
186 3119 282 3177 vitium
305 3126 367 3193 est,
390 3134 472 3196 quam
493 3117 635 3177 exhauriri
657 3117 692 3176 ad
713 3114 930 3177 confirmandam
954 3115 1060 3176 valetu-

43 3203 165 3282 ‚dinem
182 3203 251 3275 satis
263 3210 315 3262 est.
342 3200 432 3279 ldque
448 3204 539 3280 ipsum
552 3203 741 3260 testimonium
754 3209 807 3276 est,
823 3201 907 3260 etiam
919 3198 1060 3278 scalpello

61 3287 249 3362 sanguinem,
264 3285 311 3344 ubi
328 3285 454 3344 membro
471 3287 655 3359 succurritur,
672 3283 707 3344 ab
725 3302 759 3344 ea
774 3285 950 3364 potissimum
968 3291 1059 3360 parte,

63 3369 217 3448 quaejam
234 3369 313 3428 laese
327 3377 381 3444 est,
401 3387 466 3428 esse
482 3369 654 3444 mittendum,
674 3368 750 3446 quod
761 3386 844 3427 nemo
857 3357 1059 3427 cucurbilulam

29 3454 206 3525 audirersae
228 3454 301 3530 perti
323 3453 455 3531 imponit,
477 3454 531 3512 nisi
547 3470 631 3530 quum
650 3453 845 3530 profusionem
861 3450 1005 3528 sanguinis
1022 3465 1058 3507 eo
