2392 3906
153 197 192 255 70
443 199 475 246 Α.
490 198 520 246 0.
539 197 636 248 cunti
651 196 842 246 uenientum

151 358 219 418 nihil
235 356 324 416 adhuc
340 351 441 414 aetatis
458 353 596 414 accessit:
617 369 654 410 ex
671 349 798 412 oleribus
813 350 926 428 alliam,
943 369 1033 431 cepa,
1058 351 1138 412 bras·

153 445 227 516 sica,
248 454 406 515 omnesque
422 436 551 512 radices,
572 442 696 514 excepto
711 437 803 496 sisere
818 444 848 494 et
861 437 1026 514 pastinaca,
1047 435 1139 512 bulbi,

135 528 223 588 ,ficus
238 524 323 584 etiam
337 518 449 596 aridae,
470 519 522 580 sed
534 518 626 595 magis
641 519 764 595 virides,
791 535 863 578 uvae
877 529 1027 595 recentes,
1050 537 1141 580 nuces

152 625 267 681 omncs,
285 609 417 682 exceptis
431 604 540 664 nucleis
557 603 662 680 pineis,
678 601 739 679 lac,
756 604 905 680 omnisque
920 619 1040 677 caseus,
1060 603 1140 680 quid·

152 691 219 768 quid
239 689 360 767 denique
381 687 550 749 subcrudum
566 685 668 763 aliquis
684 687 836 758 assumsit,
857 685 971 747 Minima
988 687 1098 746 inflatio
1112 687 1165 746 fite

98 797 102 812 ι
152 777 362 848 excecatione,
380 773 513 848 aucupio,
529 769 668 848 piscibus,
685 771 787 847 pomis,
803 769 1144 848 oieit,conchyliis,oris

150 858 199 916 vei
221 855 354 918 mollibus
375 856 421 916 vel
442 852 611 928 sorbilibus,
633 853 700 912 uiuo
720 861 830 914 vetere.
860 852 1143 928 Focniculumvero,

152 951 180 1000 et
194 939 327 1001 anethum
342 939 502 998 inflationes
517 938 601 994 etiam
616 935 721 995 levant.

448 1171 630 1232 CAPUT
666 1173 843 1232 XXVII.

355 1283 391 1330 De
408 1281 449 1332 his
468 1295 532 1344 quae
546 1284 694 1333 calefaciunt
712 1293 755 1333 aut
773 1283 933 1349 refrigerant.
1143 1295 1171 1336 'tt

211 1433 250 1491 At
273 1432 445 1492 calefaciunt
463 1435 563 1511 piper,
586 1433 645 1508 eal,
666 1451 734 1494 caro
750 1435 841 1494 omnis
852 1431 1012 1509 jurulenta,
1036 1433 1145 1507 aifium,

152 1533 235 1594 cepa,
252 1517 323 1574 ficus
338 1515 427 1592 arida,
446 1516 660 1593 salsamentum,
683 1519 793 1591 vinum,
818 1525 848 1575 et
866 1527 923 1594 quo
939 1517 1086 1576 meracius
1103 1525 1147 1576 est

151 1617 187 1659 eo
201 1600 302 1673 magis.
333 1598 517 1674 Refrigerant
531 1598 627 1676 olona,
651 1615 770 1677 quorum
784 1599 863 1658 crudi
879 1599 977 1660 caules
998 1616 1146 1662 assumun-

150 1692 209 1757 tur,
223 1691 253 1739 ut
268 1681 397 1756 intubus,
421 1690 451 1740 et
465 1681 595 1741 lactuca:
613 1685 679 1742 item
694 1682 888 1759 coriandrum,
906 1683 1050 1757 cucumis,
1069 1683 1146 1742 elixa

152 1762 311 1839 cucurbita,
332 1763 418 1839 heta,
438 1780 534 1838 mora,
556 1782 674 1840 cerasa,
694 1766 767 1826 mala
784 1774 911 1841 austera,
934 1766 996 1842 pira
1019 1765 1145 1842 fragilia,
1155 1787 1171 1825 o

153 1863 220 1904 caro
235 1847 322 1921 elixa,
336 1848 552 1923 praecipueque
568 1855 689 1923 acetum,
707 1851 768 1926 sive
785 1847 866 1907 cibus
880 1865 973 1923 exeo,
990 1848 1051 1906 sive
1065 1851 1146 1931 potio

152 1931 310 1988 assumitur.

437 2161 621 2223 CAP‘UT
655 2165 862 2224 XXVIII.

251 2279 287 2327 De
299 2277 344 2330 ius
362 2291 426 2342 quae
442 2280 511 2327 intus
526 2277 600 2327 facile
616 2285 659 2326 aut
678 2277 825 2326 difficillime
838 2265 1044 2342 corrumpuntur,

214 2427 313 2504 Facile
335 2437 428 2486 autem
450 2429 524 2486 intus
547 2434 765 2504 corrumpuntur
789 2429 871 2503 panis
892 2427 1097 2504 fermentatus,
1120 2437 1175 2489 eta

152 2510 280 2584 quisquis
303 2510 375 2568 alius
399 2527 482 2586 quam
504 2511 551 2585 qui
575 2527 612 2566 ex
632 2510 726 2568 tritico
751 2517 809 2576 est;
834 2508 898 2586 lac,
920 2509 993 2578 mel;
1020 2510 1149 2589 ideoque

152 2592 235 2648 etiam
256 2591 407 2664 lactantia,
431 2597 516 2666 atque
538 2606 621 2648 omno
645 2590 792 2666 pistorium
811 2608 899 2670 opus;
921 2595 1015 2652 teneri
1041 2595 1150 2674 pisces,

152 2681 265 2745 ostrea,
290 2673 385 2748 olera,
407 2686 509 2731 caseus
528 2681 557 2730 et
574 2687 678 2730 recens
694 2680 723 2731 ct
737 2683 839 2751 vetus,
862 2691 960 2734 crassa
975 2677 1023 2736 uel
1044 2686 1150 2736 tenera

152 2771 230 2828 caro,
246 2755 340 2813 viuum
356 2753 456 2830 dulo'e,
471 2753 608 2830 mulsmn,
625 2754 780 2831 defrutum,
796 2775 928 2835 passum;
946 2759 1085 2838 quidquid
1102 2759 1149 2818 de·

151 2840 236 2915 nique
258 2838 305 2897 vel
323 2838 496 2912 jurulentum
514 2848 573 2913 est,
592 2839 639 2898 vel
656 2841 737 2899 nimis
753 2840 853 2917 dulce,
875 2841 923 2900 vol
946 2844 1027 2901 nimis
1048 2844 1176 2902 tenuem

151 2921 190 2978 At
207 2922 319 2980 minime
336 2923 410 2980 intus
426 2921 559 2980 vitiantur
576 2924 656 3000 panis
673 2923 733 2982 siue
759 2924 917 3000 formento,
939 2943 1025 3001 avos,
1049 2933 1080 2984 et
1095 2915 1162 2984 eae'

96 3013 105 3030 ’
152 3006 248 3080 potius
272 3004 417 3079 duriores,
441 3002 504 3062 duri
519 3006 633 3081 pisces:
658 3023 751 3083 neque
773 3005 865 3066 solum
880 3017 977 3067 aurata
995 3017 1079 3086 puta,
1102 3017 1150 3068 aut

153 3103 271 3163 sparus,
298 3086 350 3144 sed
368 3088 452 3146 etiam
469 3086 592 3163 lolligo,
619 3087 749 3164 locusta,
774 3090 914 3168 polypus:
940 3093 1008 3149 item
1031 3091 1148 3166 bubula,

153 3171 301 3247 omnisque
316 3168 385 3228 duna
402 3187 470 3232 caro
479 3192 486 3238 ;
503 3170 659 3248 eademque
676 3175 769 3250 aptior
785 3182 845 3250 est,
861 3175 886 3234 si
901 3191 1012 3250 maora,
1030 3175 1054 3234 si
1069 3175 1147 3234 salsa

154 3260 211 3319 est;
229 3254 378 3330 omniaque
395 3253 587 3322 salsamenta;¹
601 3255 754 3330 cochleae,
773 3259 912 3334 murices,
928 3275 1072 3337 purpurae
1090 3256 1177 3336 (cito

154 3351 217 3412 cap.
235 3335 306 3412 24);
323 3336 416 3394 vinum
432 3343 584 3413 austerum,
599 3337 826 3398 uel'resinatum.
