2392 3906
404 191 768 263 rnnrrnosmvn.¹
1014 175 1054 240 89

34 347 189 407 utendum
206 357 264 414 est;
280 346 409 408 ducenda
425 347 509 407 alvos
522 346 570 406 vel
589 363 681 425 aqua,
700 344 747 406 vei
760 349 889 425 ptisanae
907 363 1053 426 cremore:

34 443 104 492 tum
129 431 248 492 demum
270 431 381 492 leuibus
406 431 478 492 cibis
499 431 675 491 nutriendus.
714 429 751 490 Et
769 449 807 490 ex
833 441 895 492 toto
926 449 983 490 non
1013 433 1054 490 sic

36 518 154 596 pueri,
177 525 208 575 nt
222 517 293 593 viri,
318 519 413 579 curari
430 515 546 577 debent.
576 514 675 591 Ergo,
699 516 778 574 utin
800 515 856 576 aiio
872 533 988 594 quoque
1004 533 1054 592 ge·

38 619 121 660 nere
141 599 324 678 morborum,
345 601 460 680 parcius
476 601 504 658 in
516 600 561 658 his
576 599 718 677 agendum
732 608 793 659 est:
817 617 874 658 non
888 600 975 661 facile
991 618 1054 660 san·

17 685 172 762 sguinem
187 687 318 760 mittere,
338 702 395 744 uon
410 683 496 745 iaoiie
511 683 619 743 ducere
633 684 744 758 aivum,
760 701 818 744 non
834 685 965 743 cruciare
983 684 1054 760 vigi·

39 769 102 846 iia,
128 769 261 844 iameve,
285 769 438 829 autnimia
460 769 521 844 siti,
545 785 603 826 non
617 768 685 828 vino
703 785 816 827 curare.
841 768 973 827 Vomitus
989 777 1055 848 post

40 853 167 913 febrem
189 853 348 912 eliciendus
377 861 436 921 est;
465 851 568 912 deinde
590 851 699 912 dandus
718 851 800 912 cibus
824 870 861 912 cx
881 852 1053 918 levissimis:
1129 915 1132 924 ,

41 947 106 997 tum
125 937 154 996 is
172 935 309 1007 dormiat;
335 946 514 1015 posteroque
535 936 599 1012 die,
621 937 644 996 si
660 936 751 998 febris
766 944 875 1013 manet,
897 933 1054 1004 abstineat;

47 1023 159 1097 tertio,
174 1021 210 1080 ad
227 1021 346 1080 similem
361 1021 455 1080 cibum
469 1021 580 1081 redeat.
610 1019 768 1100 Dandaque
784 1029 949 1098 operaest,
966 1039 1054 1098 quan-

16 1115 114 1167 aotum
132 1106 191 1164 iieri
209 1113 321 1182 potest,
343 1114 374 1164 ut
393 1106 467 1165 inter
487 1113 680 1183 opportunam
697 1105 898 1167 abstinentiam
920 1103 986 1165 cibo
1003 1122 1054 1183 op-

51 1199 198 1268 portuno,
215 1190 330 1250 omissis
346 1191 466 1266 ceteris,
482 1191 631 1248 nutriatur.

114 1273 146 1333 2.
170 1274 202 1332 Si
217 1291 289 1333 uero
305 1273 409 1333 ardens
422 1273 513 1333 febris
527 1281 672 1351 extorret,
685 1273 763 1334 nulla
776 1273 976 1345 medicamenti
989 1271 1054 1334 dan·

47 1358 84 1419 da
101 1358 186 1436 potio
204 1368 263 1428 est;
284 1357 376 1418 sedin
392 1359 464 1436 ipsis
482 1357 704 1418 accessionibus
717 1357 786 1418 oleo
801 1367 830 1417 ει
845 1376 918 1437 aqua
933 1357 1054 1434 refrige-

47 1442 160 1502 randus
182 1451 247 1520 εει,
269 1459 343 1521 quae
357 1441 504 1502 miscenda
524 1460 607 1502 mann
622 1450 702 1520 suot,
725 1441 819 1502 donec
833 1441 997 1510 albescant;
1018 1460 1054 1502 eo

16 1520 200 1590 roconoiavi‘
207 1525 367 1605 tenendus,
387 1544 443 1604 quo
458 1526 574 1585 muitum
589 1535 618 1585 et
636 1544 736 1604 purum
747 1543 845 1587 aerem
859 1526 974 1586 trahere
987 1542 1054 1604 pos

53 1614 104 1680 sit3
129 1627 229 1690 neque
251 1611 346 1671 multis
368 1612 546 1670 vestimentis
572 1610 810 1688 strangulandus,
832 1611 884 1671 sed
906 1610 1055 1670 admodum

50 1695 168 1756 levibus
185 1703 293 1754 tantum
308 1694 449 1755 velandus
463 1704 517 1754 est.
545 1694 670 1754 Possunt
680 1697 763 1756 etiam
775 1713 863 1775 snper
878 1695 1055 1756 stomachum

8 1795 9 1798 ’
48 1781 162 1858 imponi
184 1778 256 1840 iolia
280 1780 347 1839 vitis
366 1780 394 1837 in
416 1797 491 1857 aqua
506 1777 610 1856 frigida
630 1779 728 1840 tincta.
755 1779 808 1840 'Ao
823 1799 860 1839 ne
879 1782 924 1840 siti
941 1779 1055 1858 quidem

49 1865 136 1924 nimia
157 1863 309 1922 vexandus
334 1872 387 1927 εει.
417 1861 547 1923 Alendus
570 1865 706 1924 maturius
724 1874 785 1942 est,
799 1866 827 1925 id
844 1873 889 1924 cst
905 1883 921 1924 a
936 1864 983 1925 die
997 1873 1053 1923 ter·

16 1971 42 2012 no
52 1950 108 2017 tio;
125 1957 156 2007 et
167 1955 234 2006 ente
249 1947 342 2006 cibum
354 1946 455 2010 iisdem
468 1947 682 2026 perungendos.
704 1948 735 2008 Si
745 1950 844 2028 pituita
859 1950 887 2008 in
904 1947 1054 2009 stomacho

52 2033 140 2109 coiit,
165 2031 300 2091 inclinata
316 2031 376 2107 jam
393 2033 581 2108 accessione,
600 2048 719 2091 vomere
744 2031 893 2110 cogendus
917 2042 975 2101 est;
997 2041 1055 2090 tunr

51 2116 175 2176 dandum
189 2114 325 2192 frigidum
339 2115 420 2193 olus,
437 2124 485 2175 aut
500 2132 615 2195 pomum
630 2133 668 2174 en
684 2116 719 2174 iis
736 2133 810 2193 quae
820 2116 968 2176 stomacho
985 2133 1054 2194 opn-

52 2202 180 2259 ueniunt.
215 2199 246 2257 Si
266 2199 362 2258 siccus
379 2203 475 2259 manet
494 2198 681 2276 stomachus,
698 2200 828 2277 protinus
847 2199 894 2258 vel
911 2201 1054 2278 ptisanae,

55 2283 104 2342 vei
118 2283 227 2359 alicae,
250 2283 296 2342 vel
318 2301 425 2358 oryzae
447 2300 560 2342 cremor
578 2281 686 2342 dandus
709 2291 769 2361 εει,
795 2302 858 2342 cunr
877 2287 933 2362 diro
949 2300 1053 2342 recens

24 2366 148 2445 oadeps
170 2375 255 2425 cocta
276 2367 322 2426 sit.
357 2367 449 2442 Quam
469 2385 541 2427 vero
561 2367 589 2424 in
611 2383 718 2426 summo
739 2368 916 2427 incremento
937 2365 1054 2426 morbus
1078 2439 1082 2448 ἡ
1173 2437 1177 2446 ,

59 2460 117 2527 εει,
139 2452 238 2528 utique
254 2467 312 2509 non
326 2460 391 2510 ante
406 2461 537 2530 quartum
550 2450 640 2529 diem,
659 2459 766 2528 magna
787 2453 833 2510 siti
851 2450 1053 2528 antecedente,

53 2534 159 2612 frigida
191 2537 266 2612 aquia
295 2537 416 2614 copiose
446 2533 618 2613 praestanda
640 2543 702 2613 est,
723 2543 753 2594 ut
774 2535 853 2596 hibat
874 2538 959 2596 etiarn
980 2535 1054 2595 ultra

53 2620 230 2688 satietatem
261 2628 290 2679 et
311 2636 396 2697 quum
412 2621 472 2694 ianr
493 2628 595 2679 venter
612 2628 640 2678 et
658 2619 828 2698 praecordia
851 2619 1054 2680 ultramodum

53 2703 185 2783 repieta,
202 2704 330 2781 satisque
346 2703 518 2780 refrigerata
532 2712 613 2780 sunt,
626 2721 744 2764 vomere
763 2703 858 2764 dehet.
882 2704 1002 2780 Quidam
1016 2722 1052 2764 ne
1114 2715 1118 2724 ·

20 2789 190 2848 aovomitum
211 2787 325 2864 quidem
345 2789 479 2864 exiguum
508 2787 561 2847 sed
582 2789 644 2866 ipsa
660 2805 733 2865 aqua
750 2787 855 2866 frigida
871 2797 992 2864 tantum,
1018 2786 1053 2846 ad

53 2873 216 2932 satietatem
239 2871 321 2949 data,
340 2889 395 2950 pro
421 2871 628 2931 medicamento
649 2881 773 2931 utuntur.
811 2872 867 2933 Ubi
890 2870 1053 2932 utrumlibet

52 2957 242 3033 factumest,
265 2955 353 3015 multa
376 2965 460 3016 reste
485 2955 659 3034 operiendus
682 2964 742 3030 est,
767 2964 796 3014 ει
812 2956 999 3016 collocandus
1023 2963 1054 3014 ut

53 3041 186 3100 dormiat.
209 3039 343 3117 Fereque
359 3049 425 3117 post
436 3040 552 3116 longam
567 3039 642 3098 sitim
659 3047 688 3099 et
703 3039 846 3117 vigiliam,
861 3039 1053 3118 postmultum

54 3126 233 3200 satietatem,
249 3132 315 3202 post
331 3122 479 3183 infractum
491 3125 633 3200 calorem,
649 3123 752 3200 plenus
764 3141 881 3184 somnus
894 3125 984 3203 venit,
1001 3142 1054 3203 per

24 3222 140 3286 aequem
157 3207 262 3283 ingens
285 3207 374 3267 sudor
395 3207 560 3276 effunditur:
582 3207 668 3284 idque
691 3210 954 3285 praesentissimum
975 3208 1052 3268 auxi-

54 3293 121 3352 lium
138 3299 199 3350 est:
225 3291 319 3350 sedin
338 3292 374 3350 iis
390 3300 498 3367 tamen,
518 3292 547 3349 iu
564 3291 665 3369 quibus
680 3301 796 3368 praeter
812 3292 960 3368 ardorem,
983 3291 1053 3352 nulii

56 3376 192 3452 dolores,
210 3375 303 3434 nuilus
320 3375 556 3453 praecordiorum
573 3382 681 3444 tumor;
702 3375 771 3434 nihii
788 3376 947 3454 prohibens
964 3375 1010 3435 vel
1025 3375 1068 3445 inv

56 3460 194 3535 thorace,
217 3458 265 3518 rei
289 3460 317 3518 in
338 3459 491 3537 pulmone,
514 3459 562 3518 vel
582 3460 611 3518 in
632 3457 778 3528 iauoibus;
799 3477 856 3520 non
877 3460 976 3535 ulcus,
994 3475 1052 3519 non
