2392 3906
134 197 193 261 136
424 209 829 260 ascomannorum

132 365 343 444 Interponenda
363 365 532 425 abstinentia
551 375 604 426 est.
640 365 724 426 Utilis
745 370 773 426 in
790 369 892 444 jejuno
912 370 995 447 potio
1017 377 1065 430 est
1082 368 1130 430 ab

133 450 242 527 sinthii,
269 450 317 508 vel
339 450 476 527 hyssopi,
505 460 553 510 aut
577 460 668 509 rutae.
713 449 893 512 Exercitatio
920 455 1013 532 primo
1044 453 1130 526 lenis,

133 534 235 595 deinde
264 536 356 609 major
382 532 543 594 adhihenda
565 543 625 599 est:
658 535 838 612 maximeque
860 555 935 615 quae
955 539 1132 615 superiores

133 628 230 699 partes
245 626 374 678 moveat:
399 619 476 696 quod
490 635 583 694 genus
598 620 626 676 in
642 618 773 678 omnibus
789 621 929 680 stomachi
943 622 1022 680 vitiis
1039 621 1130 699 aptis·

132 704 231 762 simum
249 711 302 761 est.
327 702 395 762 Post
411 703 646 762 exercitationem
663 719 738 780 opus
749 712 796 762 est
806 706 955 781 unctione,
973 704 1152 770 frictionem

132 786 236 845 balneo
269 803 386 865 quoque
400 788 635 866 nonnumquam,
671 786 723 846 sed
748 788 862 856 rarius;
900 788 1045 848 interdurn
1075 789 1133 848 alvi

57 915 63 926 .
132 866 281 936 ductione:
308 870 381 929 cibis
398 869 501 929 deiude
519 870 634 945 calidis,
651 887 745 948 neque
761 871 937 940 inflantibus:
952 872 1133 950 ‘eodemque

131 955 218 1014 modo
233 953 334 1014 calidis
352 953 533 1031 potionibus,
557 955 648 1033 primo
663 972 772 1032 aquae,
795 965 878 1034 post,
895 956 944 1016 ubi
958 956 1076 1016 resedit
1092 957 1132 1015 in·

132 1039 227 1111 netto,
250 1038 306 1094 vini
330 1037 445 1096 austeri.
480 1036 553 1098 lllud
570 1055 687 1116 quoque
704 1040 731 1097 iu
747 1039 876 1099 omnibus
893 1039 1036 1100 stomachi
1053 1040 1133 1098 vitiis

131 1119 365 1200 praecipiendum
380 1129 440 1195 est,
458 1130 488 1180 ut
503 1139 560 1199 quc
576 1122 661 1181 modo
678 1139 712 1182 se
727 1124 849 1202 quisque
867 1141 957 1202 aeger
971 1125 1131 1196 refecerit,
1142 1143 1163 1181 rr

132 1222 168 1264 eo
183 1221 269 1263 sanus
284 1212 393 1262 utatur:
414 1222 477 1263 nam
495 1206 570 1264 redit
586 1207 651 1265 huic
666 1205 850 1267 imbecillitas
865 1227 933 1284 sua,
951 1210 1005 1267 nisi
1023 1207 1134 1267 iisdem

132 1288 295 1348 defenditur
318 1287 393 1346 bona
409 1289 562 1365 valetudo,
585 1289 688 1367 quibus
703 1291 815 1351 reddita
830 1301 884 1351 est.
921 1293 960 1351 Αι
977 1295 1001 1351 si
1015 1291 1132 1351 inflam-

131 1372 218 1431 matio
241 1371 336 1448 aliqua
359 1381 418 1447 est,
441 1389 524 1450 quam
540 1372 602 1432 iere
617 1383 710 1434 tumor
724 1385 753 1434 et
768 1375 852 1436 dolon
867 1377 1012 1453 sequitur,
1034 1377 1132 1454 prima

132 1464 212 1532 sunt,
229 1458 328 1535 quies,
351 1455 539 1533 abstinentia,
561 1457 625 1517 lana
640 1456 811 1536 sulphurata
828 1461 1017 1535 circumdata,
1041 1461 1073 1518 in
1083 1461 1132 1535 je·

127 1543 199 1618 juno
214 1540 396 1600 absinthium.
420 1541 450 1600 Si
466 1541 553 1602 ardor
570 1542 748 1602 stomachum
764 1555 864 1620 urget,
881 1553 965 1605 aceto
978 1561 1044 1603 curn
1057 1560 1130 1604 ross
1142 1561 1163 1601 rs

132 1624 253 1685 subinde
282 1625 424 1683 iovendus
450 1635 510 1686 est:
547 1626 650 1686 deinde
680 1627 753 1686 cibis
780 1629 893 1705 quidem
920 1628 1058 1688 utendum
1083 1636 1134 1686 est

131 1709 267 1774 modicis;
290 1708 462 1790 imponenda
482 1728 553 1770 vero
577 1713 758 1772 extrinsecus
777 1729 852 1790 quae
874 1713 955 1772 simul
979 1721 1009 1770 et
1030 1712 1132 1788 repri-

130 1799 224 1864 munt,
248 1800 277 1850 et
300 1791 463 1852 emolliunt:
485 1794 602 1871 deinde,
626 1794 670 1854 his
693 1794 846 1874 detractis,
872 1796 1005 1856 utendum
1022 1795 1133 1854 calidis

132 1893 170 1934 ex
189 1874 280 1934 iarina
303 1875 531 1953 cataplasmatis,
553 1896 627 1956 quae
648 1879 786 1957 reliquias
806 1880 953 1958 digerant:
981 1879 1131 1939 interdum

131 1959 213 2019 alvus
228 1958 375 2019 ducenda:
399 1961 560 2022 adhibenda
578 1965 764 2038 exercitatio,
781 1973 811 2023 et
827 1964 909 2023 cibus
924 1964 1050 2042 plenior.
1090 1962 1161 2022 Atro

131 2043 155 2103 si
170 2043 349 2102 exulceratio
365 2045 541 2104 stomachum
556 2045 689 2121 infestat,
707 2047 808 2106 eadem
823 2049 887 2108 iere
903 2047 1035 2107 iacienda
1052 2055 1130 2122 sunt,

131 2144 205 2205 quae
231 2129 260 2186 in
286 2127 418 2188 faucibus
440 2129 616 2188 exulceratis
640 2140 799 2210 praecepta
821 2141 895 2191 sunt.
933 2129 1129 2205 Exercitatio,

129 2211 226 2271 irietio
242 2211 411 2272 inferiorum
424 2214 545 2290 partium
560 2213 737 2282 adhibenda;
753 2214 905 2275 adhibendi
922 2214 1004 2275 lenes
1020 2223 1049 2274 et
1062 2215 1129 2291 glu-

130 2295 215 2366 tinosi
241 2295 314 2374 cibi,
343 2297 395 2356 sed
418 2297 488 2356 citra
514 2299 689 2367 satietatem;
720 2302 813 2358 omnia
834 2301 912 2360 acria
933 2307 1019 2375 atque
1041 2299 1129 2358 acida

130 2379 324 2460 removenda
343 2381 424 2456 vino,
442 2382 466 2439 si
482 2380 574 2440 febris
589 2399 645 2440 non
663 2390 724 2458 est,
748 2383 841 2458 dulci,
865 2391 928 2459 aut,
953 2384 977 2442 si
992 2382 1021 2441 id
1035 2381 1160 2458 indutas

130 2473 210 2523 certe
237 2465 295 2524 leni
320 2465 468 2532 utendum;
500 2465 553 2525 sed
576 2481 671 2542 neque
699 2467 894 2546 praeirigido‚
921 2483 1017 2545 neque
1042 2467 1130 2525 nimis

131 2546 234 2606 calido.
256 2549 287 2606 Si
299 2565 371 2606 vero
387 2550 485 2625 pituita
498 2549 662 2608 stomachus
674 2550 825 2628 impletur,
840 2552 1025 2610 necessarius
1038 2550 1129 2609 modo

129 2631 158 2688 in
176 2630 294 2706 jejuno,
318 2631 404 2690 modo
426 2640 494 2708 post
517 2631 610 2691 cibum
627 2635 750 2693 vomitus
768 2643 827 2693 est:
849 2634 927 2694 utilis
943 2633 1128 2708 exercitatio,

130 2714 270 2792 gestatio,
298 2715 460 2790 navigatio,
492 2713 603 2776 iriotio:
637 2717 706 2778 nihil
733 2717 874 2777 edendum
899 2717 1127 2795 bibendumque,

130 2799 183 2858 nisi
201 2798 337 2867 calidum;
355 2799 450 2857 vitatis
467 2806 572 2860 tantum
587 2803 622 2860 iis
638 2818 712 2879 quae
727 2804 854 2880 pituitam
869 2801 1043 2860 contrahere
1056 2817 1159 2866 con-eo

130 2892 257 2943 suerunt.
280 2879 433 2942 Molestius
445 2891 506 2958 est,
523 2884 547 2941 si
562 2885 726 2944 stomachus
740 2884 798 2944 bile
810 2887 931 2945 vitiosus
945 2894 1000 2944 est.
1024 2885 1128 2944 Solent
1179 2934 1190 2959 ,

131 2977 224 3026 autern
245 2970 280 3043 ii,
305 2969 353 3046 qui
374 2968 415 3026 sie
437 2976 598 3045 tentantur,
619 2970 796 3047 interpositis
819 2969 987 3046 quibusdam
1010 2968 1125 3043 diebus,

130 3051 220 3125 hanc,
245 3053 425 3129 etquidem,
453 3052 530 3133 quod
546 3053 701 3129 pessimum
717 3061 778 3125 est,
802 3062 891 3112 atram
905 3069 1037 3112 vomere.
1075 3053 1126 3112 llis

131 3142 212 3191 recte
228 3132 309 3192 alvus
325 3135 451 3205 ducitur;
472 3139 607 3214 potiones
619 3155 656 3194 ex
669 3135 811 3196 absinthio
823 3133 938 3203 dantum
956 3137 1125 3196 necessaria

130 3218 272 3292 gestatio,
294 3220 439 3294 navigatio
462 3230 519 3288 est;
544 3221 567 3278 si
590 3220 652 3278 heri
672 3229 786 3298 potest,
809 3237 846 3278 ex
861 3237 968 3279 nausea
983 3219 1157 3285 vomituszas

130 3299 244 3359 vitanda
264 3301 403 3370 cruditas;
421 3303 549 3362 sumendi
564 3303 620 3362 cibi
637 3302 739 3363 iaciles
755 3312 784 3362 et
795 3303 945 3364 stomacho
956 3321 1013 3362 non
1027 3301 1125 3377 alieni,

130 3385 225 3442 vinum
241 3392 393 3442 austerum.
417 3384 650 3461 Vulgatissimum
666 3403 736 3445 vero
755 3388 968 3465 pessimumque
985 3387 1130 3447 stomachi·

130 3467 228 3526 vitium
244 3475 288 3525 est
302 3466 454 3544 resolutio,
471 3467 499 3526 id
515 3478 560 3528 est
574 3486 661 3546 quum
675 3469 731 3528 cibi
745 3487 802 3530 non
812 3479 899 3530 tenax
913 3480 973 3546 est,
990 3470 1126 3548 soletque
