<?xml version="1.0" encoding="UTF-8"?>
<!DOCTYPE html PUBLIC "-//W3C//DTD XHTML 1.0 Transitional//EN"
    "http://www.w3.org/TR/xhtml1/DTD/xhtml1-transitional.dtd">
<html xmlns="http://www.w3.org/1999/xhtml" xml:lang="en" lang="en">
 <head>
  <title>
</title>
<meta http-equiv="Content-Type" content="text/html;charset=utf-8" />
  <meta name='ocr-system' content='tesseract 3.04.00' />
  <meta name='ocr-capabilities' content='ocr_page ocr_carea ocr_par ocr_line ocrx_word'/>
</head>
<body>
  <div class='ocr_page' id='page_1' title='image "./demedicinalibri00daregoog_0300.png"; bbox 0 0 2372 3892; ppageno 0'>
   <div class='ocr_carea' id='block_1_1' title="bbox 142 163 840 232">
    <p class='ocr_par' dir='ltr' id='par_1_1' title="bbox 142 163 840 232">
     <span class='ocr_line' id='line_1_1' title="bbox 142 163 840 232; baseline -0.006 0"><span class='ocrx_word' id='word_1_1' title='bbox 142 169 204 232; x_wconf 79' lang='lat' dir='ltr'><strong>ata</strong></span> <span class='ocrx_word' id='word_1_2' title='bbox 328 163 332 170; x_wconf 86' lang='lat'>&#39;</span> <span class='ocrx_word' id='word_1_3' title='bbox 430 181 464 230; x_wconf 78' lang='lat' dir='ltr'><strong>a.</strong></span> <span class='ocrx_word' id='word_1_4' title='bbox 483 181 514 229; x_wconf 82' lang='lat' dir='ltr'><strong>c</strong></span> <span class='ocrx_word' id='word_1_5' title='bbox 532 179 631 230; x_wconf 82' lang='lat' dir='ltr'><strong>cnzsr</strong></span> <span class='ocrx_word' id='word_1_6' title='bbox 646 179 840 232; x_wconf 82' lang='lat' dir='ltr'><strong>manroman</strong></span> 
     </span>
    </p>
   </div>
   <div class='ocr_carea' id='block_1_2' title="bbox 139 333 1158 1332">
    <p class='ocr_par' dir='ltr' id='par_1_2' title="bbox 139 333 1158 1332">
     <span class='ocr_line' id='line_1_2' title="bbox 143 333 1139 414; baseline -0.001 -19"><span class='ocrx_word' id='word_1_7' title='bbox 143 335 238 411; x_wconf 88' lang='lat' dir='ltr'><strong>croci,</strong></span> <span class='ocrx_word' id='word_1_8' title='bbox 253 333 404 412; x_wconf 75' lang='lat' dir='ltr'><strong>myrrhae,</strong></span> <span class='ocrx_word' id='word_1_9' title='bbox 420 334 551 396; x_wconf 84' lang='lat' dir='ltr'><strong>aluminis</strong></span> <span class='ocrx_word' id='word_1_10' title='bbox 562 333 701 410; x_wconf 75' lang='lat' dir='ltr'><strong>scissilis,</strong></span> <span class='ocrx_word' id='word_1_11' title='bbox 718 334 896 412; x_wconf 84' lang='lat' dir='ltr'><strong>singulorum</strong></span> <span class='ocrx_word' id='word_1_12' title='bbox 911 351 944 412; x_wconf 90' lang='lat' dir='ltr'><strong>p.</strong></span> <span class='ocrx_word' id='word_1_13' title='bbox 955 333 1017 412; x_wconf 89' lang='lat'><strong>)·(.</strong></span> <span class='ocrx_word' id='word_1_14' title='bbox 1030 347 1070 394; x_wconf 87' lang='lat' dir='ltr'><strong>n.</strong></span> <span class='ocrx_word' id='word_1_15' title='bbox 1086 351 1139 414; x_wconf 81' lang='lat' dir='ltr'><strong>per</strong></span> 
     </span>
     <span class='ocr_line' id='line_1_3' title="bbox 142 417 1138 497; baseline -0.001 -18"><span class='ocrx_word' id='word_1_16' title='bbox 142 436 174 479; x_wconf 89' lang='lat' dir='ltr'><strong>se</strong></span> <span class='ocrx_word' id='word_1_17' title='bbox 191 427 391 494; x_wconf 88' lang='lat' dir='ltr'><strong>conternntur,</strong></span> <span class='ocrx_word' id='word_1_18' title='bbox 413 418 606 497; x_wconf 72' lang='lat' dir='ltr'><strong>paulatimque</strong></span> <span class='ocrx_word' id='word_1_19' title='bbox 621 418 666 477; x_wconf 86' lang='lat' dir='ltr'><strong>bis</strong></span> <span class='ocrx_word' id='word_1_20' title='bbox 683 417 853 494; x_wconf 85' lang='lat' dir='ltr'><strong>adjiciuntur</strong></span> <span class='ocrx_word' id='word_1_21' title='bbox 868 419 928 478; x_wconf 83' lang='lat' dir='ltr'><strong>vini</strong></span> <span class='ocrx_word' id='word_1_22' title='bbox 945 418 1026 478; x_wconf 80' lang='lat' dir='ltr'><strong>lenis</strong></span> <span class='ocrx_word' id='word_1_23' title='bbox 1043 417 1138 492; x_wconf 70' lang='lat' dir='ltr'><strong>cratini</strong></span> 
     </span>
     <span class='ocr_line' id='line_1_4' title="bbox 141 501 1138 584; baseline 0 -22"><span class='ocrx_word' id='word_1_24' title='bbox 141 501 216 578; x_wconf 86' lang='lat' dir='ltr'><strong>duo,</strong></span> <span class='ocrx_word' id='word_1_25' title='bbox 238 501 332 562; x_wconf 88' lang='lat' dir='ltr'><strong>mellis</strong></span> <span class='ocrx_word' id='word_1_26' title='bbox 356 519 445 570; x_wconf 74' lang='lat' dir='ltr'><strong>unnsr</strong></span> <span class='ocrx_word' id='word_1_27' title='bbox 472 501 577 562; x_wconf 88' lang='lat' dir='ltr'><strong>deinde</strong></span> <span class='ocrx_word' id='word_1_28' title='bbox 598 502 689 584; x_wconf 81' lang='lat' dir='ltr'><strong>priori</strong></span> <span class='ocrx_word' id='word_1_29' title='bbox 712 518 801 562; x_wconf 84' lang='lat' dir='ltr'><strong>succo</strong></span> <span class='ocrx_word' id='word_1_30' title='bbox 823 503 877 562; x_wconf 86' lang='lat' dir='ltr'><strong>ista</strong></span> <span class='ocrx_word' id='word_1_31' title='bbox 899 503 1090 577; x_wconf 78' lang='lat' dir='ltr'><strong>miscentur,</strong></span> <span class='ocrx_word' id='word_1_32' title='bbox 1113 511 1138 562; x_wconf 92' lang='lat' dir='ltr'><strong>et</strong></span> 
     </span>
     <span class='ocr_line' id='line_1_5' title="bbox 141 584 1138 663; baseline -0.002 -19"><span class='ocrx_word' id='word_1_33' title='bbox 141 604 240 645; x_wconf 88' lang='lat' dir='ltr'><strong>rursus</strong></span> <span class='ocrx_word' id='word_1_34' title='bbox 262 585 366 644; x_wconf 89' lang='lat' dir='ltr'><strong>leuiter</strong></span> <span class='ocrx_word' id='word_1_35' title='bbox 390 587 603 663; x_wconf 88' lang='lat' dir='ltr'><strong>incoquuntur:</strong></span> <span class='ocrx_word' id='word_1_36' title='bbox 645 594 694 645; x_wconf 88' lang='lat' dir='ltr'><strong>aut</strong></span> <span class='ocrx_word' id='word_1_37' title='bbox 720 584 850 660; x_wconf 73' lang='lat' dir='ltr'><strong>eiusdem</strong></span> <span class='ocrx_word' id='word_1_38' title='bbox 877 586 961 646; x_wconf 88' lang='lat' dir='ltr'><strong>succi</strong></span> <span class='ocrx_word' id='word_1_39' title='bbox 989 586 1138 644; x_wconf 76' lang='lat' dir='ltr'><strong>sextarius</strong></span> 
     </span>
     <span class='ocr_line' id='line_1_6' title="bbox 141 667 1152 748; baseline 0.005 -19"><span class='ocrx_word' id='word_1_40' title='bbox 141 669 244 730; x_wconf 89' lang='lat' dir='ltr'><strong>eodem</strong></span> <span class='ocrx_word' id='word_1_41' title='bbox 263 668 349 730; x_wconf 90' lang='lat' dir='ltr'><strong>modo</strong></span> <span class='ocrx_word' id='word_1_42' title='bbox 374 669 521 748; x_wconf 72' lang='lat' dir='ltr'><strong>coquitur,</strong></span> <span class='ocrx_word' id='word_1_43' title='bbox 543 679 629 747; x_wconf 88' lang='lat' dir='ltr'><strong>atque</strong></span> <span class='ocrx_word' id='word_1_44' title='bbox 645 669 747 729; x_wconf 88' lang='lat' dir='ltr'><strong>eadem</strong></span> <span class='ocrx_word' id='word_1_45' title='bbox 760 672 872 730; x_wconf 85' lang='lat' dir='ltr'><strong>ratione</strong></span> <span class='ocrx_word' id='word_1_46' title='bbox 887 671 957 730; x_wconf 85' lang='lat' dir='ltr'><strong>trita</strong></span> <span class='ocrx_word' id='word_1_47' title='bbox 971 667 1056 728; x_wconf 87' lang='lat' dir='ltr'><strong>baec</strong></span> <span class='ocrx_word' id='word_1_48' title='bbox 1072 669 1152 745; x_wconf 80' lang='lat' dir='ltr'><strong>adjit</strong></span> 
     </span>
     <span class='ocr_line' id='line_1_7' title="bbox 141 751 1137 833; baseline 0.001 -21"><span class='ocrx_word' id='word_1_49' title='bbox 141 754 266 819; x_wconf 83' lang='lat' dir='ltr'><strong>ciuntur:</strong></span> <span class='ocrx_word' id='word_1_50' title='bbox 300 751 380 813; x_wconf 88' lang='lat' dir='ltr'><strong>nardi</strong></span> <span class='ocrx_word' id='word_1_51' title='bbox 403 773 431 833; x_wconf 90' lang='lat' dir='ltr'><strong>p.</strong></span> <span class='ocrx_word' id='word_1_52' title='bbox 453 753 508 830; x_wconf 91' lang='lat'>)·(.</span> <span class='ocrx_word' id='word_1_53' title='bbox 528 786 580 810; x_wconf 86' lang='lat'><strong>-.</strong></span> <span class='ocrx_word' id='word_1_54' title='bbox 610 753 753 830; x_wconf 81' lang='lat' dir='ltr'><strong>omphacii</strong></span> <span class='ocrx_word' id='word_1_55' title='bbox 773 771 802 832; x_wconf 90' lang='lat' dir='ltr'><strong>p.</strong></span> <span class='ocrx_word' id='word_1_56' title='bbox 822 753 878 830; x_wconf 84' lang='lat'><strong>)·(.</strong></span> <span class='ocrx_word' id='word_1_57' title='bbox 896 767 920 813; x_wconf 89' lang='lat'><strong>1.</strong></span> <span class='ocrx_word' id='word_1_58' title='bbox 948 753 1137 828; x_wconf 74' lang='lat' dir='ltr'><strong>cinnamoni,</strong></span> 
     </span>
     <span class='ocr_line' id='line_1_8' title="bbox 139 835 1136 915; baseline 0 -19"><span class='ocrx_word' id='word_1_59' title='bbox 139 837 287 914; x_wconf 71' lang='lat' dir='ltr'><strong>myrrhae,</strong></span> <span class='ocrx_word' id='word_1_60' title='bbox 309 838 422 910; x_wconf 86' lang='lat' dir='ltr'><strong>casiae,</strong></span> <span class='ocrx_word' id='word_1_61' title='bbox 444 835 622 913; x_wconf 89' lang='lat' dir='ltr'><strong>singulorum</strong></span> <span class='ocrx_word' id='word_1_62' title='bbox 645 854 673 914; x_wconf 91' lang='lat' dir='ltr'><strong>p.</strong></span> <span class='ocrx_word' id='word_1_63' title='bbox 689 837 746 915; x_wconf 88' lang='lat'><strong>)·(.</strong></span> <span class='ocrx_word' id='word_1_64' title='bbox 761 849 784 898; x_wconf 90' lang='lat'><strong>1.</strong></span> <span class='ocrx_word' id='word_1_65' title='bbox 818 835 927 896; x_wconf 83' lang='lat' dir='ltr'><strong>Eadem</strong></span> <span class='ocrx_word' id='word_1_66' title='bbox 943 845 1050 896; x_wconf 89' lang='lat' dir='ltr'><strong>autem</strong></span> <span class='ocrx_word' id='word_1_67' title='bbox 1068 836 1136 896; x_wconf 88' lang='lat' dir='ltr'><strong>baec</strong></span> 
     </span>
     <span class='ocr_line' id='line_1_9' title="bbox 140 919 1136 1004; baseline -0.003 -23"><span class='ocrx_word' id='word_1_68' title='bbox 140 930 170 981; x_wconf 87' lang='lat' dir='ltr'><strong>et</strong></span> <span class='ocrx_word' id='word_1_69' title='bbox 186 920 301 1004; x_wconf 82' lang='lat' dir='ltr'><strong>auribus</strong></span> <span class='ocrx_word' id='word_1_70' title='bbox 317 929 347 980; x_wconf 89' lang='lat' dir='ltr'><strong>et</strong></span> <span class='ocrx_word' id='word_1_71' title='bbox 361 919 478 980; x_wconf 86' lang='lat' dir='ltr'><strong>naribus</strong></span> <span class='ocrx_word' id='word_1_72' title='bbox 495 921 655 999; x_wconf 85' lang='lat' dir='ltr'><strong>purulentis</strong></span> <span class='ocrx_word' id='word_1_73' title='bbox 670 921 885 980; x_wconf 82' lang='lat' dir='ltr'><strong>accommodata</strong></span> <span class='ocrx_word' id='word_1_74' title='bbox 900 929 977 980; x_wconf 88' lang='lat' dir='ltr'><strong>sunt.</strong></span> <span class='ocrx_word' id='word_1_75' title='bbox 1006 919 1136 980; x_wconf 83' lang='lat' dir='ltr'><strong>Cibusia</strong></span> 
     </span>
     <span class='ocr_line' id='line_1_10' title="bbox 139 999 1136 1082; baseline -0.002 -18"><span class='ocrx_word' id='word_1_76' title='bbox 139 1005 194 1064; x_wconf 89' lang='lat' dir='ltr'><strong>lrac</strong></span> <span class='ocrx_word' id='word_1_77' title='bbox 212 1020 328 1081; x_wconf 90' lang='lat' dir='ltr'><strong>quoque</strong></span> <span class='ocrx_word' id='word_1_78' title='bbox 344 1003 506 1063; x_wconf 86' lang='lat' dir='ltr'><strong>valetudiue</strong></span> <span class='ocrx_word' id='word_1_79' title='bbox 522 1003 596 1063; x_wconf 89' lang='lat' dir='ltr'><strong>lenis</strong></span> <span class='ocrx_word' id='word_1_80' title='bbox 610 1021 676 1062; x_wconf 88' lang='lat' dir='ltr'><strong>esse</strong></span> <span class='ocrx_word' id='word_1_81' title='bbox 689 1003 792 1082; x_wconf 86' lang='lat' dir='ltr'><strong>debet,</strong></span> <span class='ocrx_word' id='word_1_82' title='bbox 807 1022 844 1062; x_wconf 87' lang='lat' dir='ltr'><strong>ne</strong></span> <span class='ocrx_word' id='word_1_83' title='bbox 855 1013 1034 1080; x_wconf 83' lang='lat' dir='ltr'><strong>exasperet.</strong></span> <span class='ocrx_word' id='word_1_84' title='bbox 1057 999 1136 1076; x_wconf 84' lang='lat' dir='ltr'><strong>Quod</strong></span> 
     </span>
     <span class='ocr_line' id='line_1_11' title="bbox 139 1081 1158 1166; baseline -0.002 -20"><span class='ocrx_word' id='word_1_85' title='bbox 139 1090 164 1147; x_wconf 90' lang='lat' dir='ltr'><strong>si</strong></span> <span class='ocrx_word' id='word_1_86' title='bbox 185 1095 261 1146; x_wconf 87' lang='lat' dir='ltr'><strong>tauta</strong></span> <span class='ocrx_word' id='word_1_87' title='bbox 276 1087 456 1146; x_wconf 91' lang='lat' dir='ltr'><strong>iullammatio</strong></span> <span class='ocrx_word' id='word_1_88' title='bbox 471 1097 534 1164; x_wconf 91' lang='grc' dir='ltr'><strong>εει,</strong></span> <span class='ocrx_word' id='word_1_89' title='bbox 557 1081 587 1147; x_wconf 75' lang='grc' dir='ltr'><strong>ιιι</strong></span> <span class='ocrx_word' id='word_1_90' title='bbox 601 1087 729 1165; x_wconf 88' lang='lat' dir='ltr'><strong>spiritum</strong></span> <span class='ocrx_word' id='word_1_91' title='bbox 745 1087 897 1166; x_wconf 86' lang='lat' dir='ltr'><strong>impediat,</strong></span> <span class='ocrx_word' id='word_1_92' title='bbox 917 1088 948 1146; x_wconf 90' lang='lat' dir='ltr'><strong>in</strong></span> <span class='ocrx_word' id='word_1_93' title='bbox 966 1086 1056 1148; x_wconf 87' lang='lat' dir='ltr'><strong>lecto</strong></span> <span class='ocrx_word' id='word_1_94' title='bbox 1073 1097 1158 1148; x_wconf 85' lang='lat' dir='ltr'><strong>con-tt</strong></span> 
     </span>
     <span class='ocr_line' id='line_1_12' title="bbox 139 1168 1136 1250; baseline 0 -21"><span class='ocrx_word' id='word_1_95' title='bbox 139 1168 359 1247; x_wconf 65' lang='lat' dir='ltr'><strong>quiescendum</strong></span> <span class='ocrx_word' id='word_1_96' title='bbox 380 1188 396 1229; x_wconf 90' lang='lat' dir='ltr'><strong>a</strong></span> <span class='ocrx_word' id='word_1_97' title='bbox 412 1169 479 1229; x_wconf 89' lang='lat' dir='ltr'><strong>cibo</strong></span> <span class='ocrx_word' id='word_1_98' title='bbox 495 1169 709 1247; x_wconf 85' lang='lat' dir='ltr'><strong>abstinendum,</strong></span> <span class='ocrx_word' id='word_1_99' title='bbox 726 1188 820 1248; x_wconf 88' lang='lat' dir='ltr'><strong>neque</strong></span> <span class='ocrx_word' id='word_1_100' title='bbox 835 1169 1048 1231; x_wconf 85' lang='lat' dir='ltr'><strong>assumendum</strong></span> <span class='ocrx_word' id='word_1_101' title='bbox 1061 1171 1136 1250; x_wconf 88' lang='lat' dir='ltr'><strong>quid·</strong></span> 
     </span>
     <span class='ocr_line' id='line_1_13' title="bbox 139 1249 1135 1332; baseline 0.002 -22"><span class='ocrx_word' id='word_1_102' title='bbox 139 1269 223 1331; x_wconf 92' lang='lat' dir='ltr'><strong>quarn</strong></span> <span class='ocrx_word' id='word_1_103' title='bbox 239 1260 355 1330; x_wconf 87' lang='lat' dir='ltr'><strong>praeter</strong></span> <span class='ocrx_word' id='word_1_104' title='bbox 369 1249 476 1330; x_wconf 84' lang='lat' dir='ltr'><strong>aquam‘</strong></span> <span class='ocrx_word' id='word_1_105' title='bbox 487 1254 607 1314; x_wconf 89' lang='lat' dir='ltr'><strong>calidam</strong></span> <span class='ocrx_word' id='word_1_106' title='bbox 624 1264 683 1323; x_wconf 85' lang='lat' dir='ltr'><strong>est;</strong></span> <span class='ocrx_word' id='word_1_107' title='bbox 700 1253 782 1313; x_wconf 84' lang='lat' dir='ltr'><strong>alvus</strong></span> <span class='ocrx_word' id='word_1_108' title='bbox 794 1271 911 1332; x_wconf 91' lang='lat' dir='ltr'><strong>quoquc</strong></span> <span class='ocrx_word' id='word_1_109' title='bbox 922 1253 1069 1315; x_wconf 86' lang='lat' dir='ltr'><strong>ducenda</strong></span> <span class='ocrx_word' id='word_1_110' title='bbox 1082 1264 1135 1321; x_wconf 82' lang='lat' dir='ltr'><strong>est3</strong></span> 
     </span>
    </p>
   </div>
   <div class='ocr_carea' id='block_1_3' title="bbox 16 1335 1136 1412">
    <p class='ocr_par' dir='ltr' id='par_1_3' title="bbox 16 1335 1136 1412">
     <span class='ocr_line' id='line_1_14' title="bbox 16 1335 1136 1412; baseline 0.003 -18"><span class='ocrx_word' id='word_1_111' title='bbox 16 1377 19 1384; x_wconf 81' lang='lat'>-</span> <span class='ocrx_word' id='word_1_112' title='bbox 139 1335 376 1412; x_wconf 77' lang='lat' dir='ltr'><strong>gargarizandum</strong></span> <span class='ocrx_word' id='word_1_113' title='bbox 398 1354 436 1396; x_wconf 86' lang='lat' dir='ltr'><strong>ex</strong></span> <span class='ocrx_word' id='word_1_114' title='bbox 456 1338 512 1398; x_wconf 88' lang='lat' dir='ltr'><strong>lico</strong></span> <span class='ocrx_word' id='word_1_115' title='bbox 535 1346 564 1398; x_wconf 87' lang='grc' dir='ltr'><strong>ει</strong></span> <span class='ocrx_word' id='word_1_116' title='bbox 586 1336 695 1408; x_wconf 66' lang='lat' dir='ltr'><strong>mulam</strong></span> <span class='ocrx_word' id='word_1_117' title='bbox 718 1337 882 1398; x_wconf 81' lang='lat' dir='ltr'><strong>illinendum</strong></span> <span class='ocrx_word' id='word_1_118' title='bbox 902 1337 961 1396; x_wconf 86' lang='lat' dir='ltr'><strong>mel</strong></span> <span class='ocrx_word' id='word_1_119' title='bbox 986 1355 1062 1396; x_wconf 84' lang='lat' dir='ltr'><strong>eum</strong></span> <span class='ocrx_word' id='word_1_120' title='bbox 1083 1355 1136 1397; x_wconf 90' lang='lat' dir='ltr'><strong>om·</strong></span> 
     </span>
    </p>
   </div>
   <div class='ocr_carea' id='block_1_4' title="bbox 121 1419 1157 2167">
    <p class='ocr_par' dir='ltr' id='par_1_4' title="bbox 121 1419 1157 2167">
     <span class='ocr_line' id='line_1_15' title="bbox 138 1419 1135 1500; baseline 0.001 -22"><span class='ocrx_word' id='word_1_121' title='bbox 138 1419 256 1498; x_wconf 89' lang='lat' dir='ltr'><strong>pbacio;</strong></span> <span class='ocrx_word' id='word_1_122' title='bbox 277 1421 455 1481; x_wconf 83' lang='lat' dir='ltr'><strong>extrinsecus</strong></span> <span class='ocrx_word' id='word_1_123' title='bbox 473 1420 684 1497; x_wconf 89' lang='lat' dir='ltr'><strong>admovendus,</strong></span> <span class='ocrx_word' id='word_1_124' title='bbox 708 1420 760 1480; x_wconf 88' lang='lat' dir='ltr'><strong>sed</strong></span> <span class='ocrx_word' id='word_1_125' title='bbox 775 1420 921 1500; x_wconf 86' lang='lat' dir='ltr'><strong>aliquanto</strong></span> <span class='ocrx_word' id='word_1_126' title='bbox 934 1421 1072 1496; x_wconf 85' lang='lat' dir='ltr'><strong>diutius,</strong></span> <span class='ocrx_word' id='word_1_127' title='bbox 1093 1437 1135 1479; x_wconf 87' lang='lat' dir='ltr'><strong>rr·</strong></span> 
     </span>
     <span class='ocr_line' id='line_1_16' title="bbox 121 1503 1157 1585; baseline -0.004 -22"><span class='ocrx_word' id='word_1_128' title='bbox 121 1520 193 1585; x_wconf 16' lang='lat' dir='ltr'><strong>‘por</strong></span> <span class='ocrx_word' id='word_1_129' title='bbox 211 1503 338 1580; x_wconf 88' lang='lat' dir='ltr'><strong>calidus,</strong></span> <span class='ocrx_word' id='word_1_130' title='bbox 363 1504 456 1564; x_wconf 90' lang='lat' dir='ltr'><strong>donec</strong></span> <span class='ocrx_word' id='word_1_131' title='bbox 472 1521 507 1564; x_wconf 88' lang='lat' dir='ltr'><strong>ea</strong></span> <span class='ocrx_word' id='word_1_132' title='bbox 523 1514 699 1583; x_wconf 86' lang='lat' dir='ltr'><strong>suppurent,</strong></span> <span class='ocrx_word' id='word_1_133' title='bbox 720 1512 751 1563; x_wconf 90' lang='lat' dir='ltr'><strong>et</strong></span> <span class='ocrx_word' id='word_1_134' title='bbox 765 1522 820 1582; x_wconf 89' lang='lat' dir='ltr'><strong>per</strong></span> <span class='ocrx_word' id='word_1_135' title='bbox 833 1523 867 1564; x_wconf 86' lang='grc' dir='ltr'><strong>εε</strong></span> <span class='ocrx_word' id='word_1_136' title='bbox 882 1505 1071 1582; x_wconf 87' lang='lat' dir='ltr'><strong>aperiantur.</strong></span> <span class='ocrx_word' id='word_1_137' title='bbox 1108 1505 1157 1564; x_wconf 84' lang='lat' dir='ltr'><strong>Sia</strong></span> 
     </span>
     <span class='ocr_line' id='line_1_17' title="bbox 138 1586 1134 1665; baseline 0.001 -20"><span class='ocrx_word' id='word_1_138' title='bbox 138 1605 211 1665; x_wconf 91' lang='lat' dir='ltr'><strong>pure</strong></span> <span class='ocrx_word' id='word_1_139' title='bbox 234 1586 382 1648; x_wconf 88' lang='lat' dir='ltr'><strong>substante</strong></span> <span class='ocrx_word' id='word_1_140' title='bbox 404 1605 461 1654; x_wconf 85' lang='lat' dir='ltr'><strong>uon</strong></span> <span class='ocrx_word' id='word_1_141' title='bbox 481 1597 648 1665; x_wconf 89' lang='lat' dir='ltr'><strong>rumpuntur</strong></span> <span class='ocrx_word' id='word_1_142' title='bbox 669 1587 697 1646; x_wconf 92' lang='lat' dir='ltr'><strong>bi</strong></span> <span class='ocrx_word' id='word_1_143' title='bbox 718 1596 860 1664; x_wconf 87' lang='lat' dir='ltr'><strong>tumores,</strong></span> <span class='ocrx_word' id='word_1_144' title='bbox 881 1587 1034 1651; x_wconf 88' lang='lat' dir='ltr'><strong>incidendi</strong></span> <span class='ocrx_word' id='word_1_145' title='bbox 1057 1597 1134 1647; x_wconf 78' lang='lat' dir='ltr'><strong>snat:</strong></span> 
     </span>
     <span class='ocr_line' id='line_1_18' title="bbox 137 1669 1134 1750; baseline 0.001 -20"><span class='ocrx_word' id='word_1_146' title='bbox 137 1669 241 1730; x_wconf 86' lang='lat' dir='ltr'><strong>deinde</strong></span> <span class='ocrx_word' id='word_1_147' title='bbox 260 1689 298 1729; x_wconf 85' lang='lat' dir='ltr'><strong>ex</strong></span> <span class='ocrx_word' id='word_1_148' title='bbox 319 1671 411 1732; x_wconf 86' lang='lat' dir='ltr'><strong>mulso</strong></span> <span class='ocrx_word' id='word_1_149' title='bbox 429 1671 522 1732; x_wconf 89' lang='lat' dir='ltr'><strong>calido</strong></span> <span class='ocrx_word' id='word_1_150' title='bbox 537 1669 786 1748; x_wconf 75' lang='lat' dir='ltr'><strong>gargarizandum.</strong></span> <span class='ocrx_word' id='word_1_151' title='bbox 821 1671 859 1731; x_wconf 78' lang='lat' dir='ltr'><strong>At</strong></span> <span class='ocrx_word' id='word_1_152' title='bbox 874 1671 898 1730; x_wconf 90' lang='lat' dir='ltr'><strong>si</strong></span> <span class='ocrx_word' id='word_1_153' title='bbox 915 1671 1059 1730; x_wconf 78' lang='lat' dir='ltr'><strong>modicus</strong></span> <span class='ocrx_word' id='word_1_154' title='bbox 1076 1674 1134 1750; x_wconf 89' lang='lat' dir='ltr'><strong>qui·</strong></span> 
     </span>
     <span class='ocr_line' id='line_1_19' title="bbox 137 1753 1134 1832; baseline 0.002 -20"><span class='ocrx_word' id='word_1_155' title='bbox 137 1753 203 1812; x_wconf 90' lang='lat' dir='ltr'><strong>dem</strong></span> <span class='ocrx_word' id='word_1_156' title='bbox 223 1761 332 1830; x_wconf 91' lang='lat' dir='ltr'><strong>tumor,</strong></span> <span class='ocrx_word' id='word_1_157' title='bbox 356 1755 408 1814; x_wconf 87' lang='lat' dir='ltr'><strong>sed</strong></span> <span class='ocrx_word' id='word_1_158' title='bbox 429 1755 608 1814; x_wconf 82' lang='lat' dir='ltr'><strong>exulceratio</strong></span> <span class='ocrx_word' id='word_1_159' title='bbox 627 1763 688 1831; x_wconf 88' lang='grc' dir='ltr'><strong>εει,</strong></span> <span class='ocrx_word' id='word_1_160' title='bbox 712 1754 850 1814; x_wconf 90' lang='lat' dir='ltr'><strong>lurlurum</strong></span> <span class='ocrx_word' id='word_1_161' title='bbox 866 1755 991 1815; x_wconf 87' lang='lat' dir='ltr'><strong>cremori</strong></span> <span class='ocrx_word' id='word_1_162' title='bbox 1015 1755 1056 1814; x_wconf 88' lang='lat' dir='ltr'><strong>ad</strong></span> <span class='ocrx_word' id='word_1_163' title='bbox 1075 1773 1134 1832; x_wconf 85' lang='lat' dir='ltr'><strong>gar·</strong></span> 
     </span>
     <span class='ocr_line' id='line_1_20' title="bbox 137 1836 1133 1916; baseline 0.003 -23"><span class='ocrx_word' id='word_1_164' title='bbox 137 1836 321 1912; x_wconf 87' lang='lat' dir='ltr'><strong>garizandum</strong></span> <span class='ocrx_word' id='word_1_165' title='bbox 342 1839 456 1915; x_wconf 90' lang='lat' dir='ltr'><strong>paulum</strong></span> <span class='ocrx_word' id='word_1_166' title='bbox 471 1837 566 1898; x_wconf 89' lang='lat' dir='ltr'><strong>mellis</strong></span> <span class='ocrx_word' id='word_1_167' title='bbox 582 1837 770 1914; x_wconf 87' lang='lat' dir='ltr'><strong>adjiciendum</strong></span> <span class='ocrx_word' id='word_1_168' title='bbox 786 1847 847 1912; x_wconf 90' lang='lat' dir='ltr'><strong>est,</strong></span> <span class='ocrx_word' id='word_1_169' title='bbox 869 1836 1079 1916; x_wconf 79' lang='lat' dir='ltr'><strong>illinendaque</strong></span> <span class='ocrx_word' id='word_1_170' title='bbox 1095 1837 1133 1898; x_wconf 88' lang='lat' dir='ltr'><strong>ul·</strong></span> 
     </span>
     <span class='ocr_line' id='line_1_21' title="bbox 138 1917 1157 2000; baseline 0.003 -23"><span class='ocrx_word' id='word_1_171' title='bbox 138 1936 205 1978; x_wconf 88' lang='lat' dir='ltr'><strong>cera</strong></span> <span class='ocrx_word' id='word_1_172' title='bbox 228 1917 284 1978; x_wconf 89' lang='lat' dir='ltr'><strong>boc</strong></span> <span class='ocrx_word' id='word_1_173' title='bbox 305 1921 531 1982; x_wconf 87' lang='lat' dir='ltr'><strong>medicamento:</strong></span> <span class='ocrx_word' id='word_1_174' title='bbox 552 1923 632 2000; x_wconf 81' lang='lat' dir='ltr'><strong>passi</strong></span> <span class='ocrx_word' id='word_1_175' title='bbox 647 1939 731 2000; x_wconf 86' lang='lat' dir='ltr'><strong>quum</strong></span> <span class='ocrx_word' id='word_1_176' title='bbox 747 1921 902 1982; x_wconf 87' lang='lat' dir='ltr'><strong>dulcissimi</strong></span> <span class='ocrx_word' id='word_1_177' title='bbox 918 1931 980 1980; x_wconf 91' lang='lat' dir='ltr'><strong>tres</strong></span> <span class='ocrx_word' id='word_1_178' title='bbox 995 1921 1157 1982; x_wconf 79' lang='lat' dir='ltr'><strong>heminam</strong></span> 
     </span>
     <span class='ocr_line' id='line_1_22' title="bbox 137 2001 1133 2084; baseline 0.004 -24"><span class='ocrx_word' id='word_1_179' title='bbox 137 2001 284 2063; x_wconf 85' lang='lat' dir='ltr'><strong>adunam</strong></span> <span class='ocrx_word' id='word_1_180' title='bbox 310 2014 485 2082; x_wconf 90' lang='lat' dir='ltr'><strong>coquuntur;</strong></span> <span class='ocrx_word' id='word_1_181' title='bbox 519 2013 576 2063; x_wconf 88' lang='lat' dir='ltr'><strong>tura</strong></span> <span class='ocrx_word' id='word_1_182' title='bbox 603 2004 735 2082; x_wconf 86' lang='lat' dir='ltr'><strong>adjicitur</strong></span> <span class='ocrx_word' id='word_1_183' title='bbox 760 2006 830 2065; x_wconf 87' lang='lat' dir='ltr'><strong>turis</strong></span> <span class='ocrx_word' id='word_1_184' title='bbox 856 2024 884 2084; x_wconf 90' lang='lat' dir='ltr'><strong>p.</strong></span> <span class='ocrx_word' id='word_1_185' title='bbox 908 2004 964 2082; x_wconf 84' lang='lat'><strong>)·(.</strong></span> <span class='ocrx_word' id='word_1_186' title='bbox 987 2017 1011 2062; x_wconf 91' lang='lat'><strong>1.</strong></span> <span class='ocrx_word' id='word_1_187' title='bbox 1045 2007 1133 2079; x_wconf 86' lang='lat' dir='ltr'><strong>croci,</strong></span> 
     </span>
     <span class='ocr_line' id='line_1_23' title="bbox 137 2085 1134 2167; baseline 0.005 -23"><span class='ocrx_word' id='word_1_188' title='bbox 137 2085 287 2163; x_wconf 82' lang='lat' dir='ltr'><strong>myrrhae,</strong></span> <span class='ocrx_word' id='word_1_189' title='bbox 303 2089 480 2165; x_wconf 87' lang='lat' dir='ltr'><strong>singulorum</strong></span> <span class='ocrx_word' id='word_1_190' title='bbox 496 2106 525 2166; x_wconf 89' lang='lat' dir='ltr'><strong>p.</strong></span> <span class='ocrx_word' id='word_1_191' title='bbox 540 2088 595 2166; x_wconf 87' lang='lat'>)·(.</span> <span class='ocrx_word' id='word_1_192' title='bbox 613 2121 649 2136; x_wconf 86' lang='lat'>-</span> <span class='ocrx_word' id='word_1_193' title='bbox 665 2089 827 2167; x_wconf 89' lang='lat' dir='ltr'><strong>leniterque</strong></span> <span class='ocrx_word' id='word_1_194' title='bbox 841 2089 937 2148; x_wconf 89' lang='lat' dir='ltr'><strong>omnia</strong></span> <span class='ocrx_word' id='word_1_195' title='bbox 952 2107 1064 2148; x_wconf 86' lang='lat' dir='ltr'><strong>rursus</strong></span> <span class='ocrx_word' id='word_1_196' title='bbox 1080 2090 1134 2148; x_wconf 84' lang='lat' dir='ltr'><strong>ier·</strong></span> 
     </span>
    </p>
   </div>
   <div class='ocr_carea' id='block_1_5' title="bbox 22 2171 1133 2250">
    <p class='ocr_par' dir='ltr' id='par_1_5' title="bbox 22 2171 1133 2250">
     <span class='ocr_line' id='line_1_24' title="bbox 22 2171 1133 2250; baseline 0.002 -22"><span class='ocrx_word' id='word_1_197' title='bbox 22 2191 23 2194; x_wconf 43' lang='lat'>¹</span> <span class='ocrx_word' id='word_1_198' title='bbox 137 2180 266 2230; x_wconf 85' lang='lat' dir='ltr'><strong>vescunt.</strong></span> <span class='ocrx_word' id='word_1_199' title='bbox 301 2171 356 2233; x_wconf 90' lang='lat' dir='ltr'><strong>Ubi</strong></span> <span class='ocrx_word' id='word_1_200' title='bbox 376 2190 449 2250; x_wconf 89' lang='lat' dir='ltr'><strong>pura</strong></span> <span class='ocrx_word' id='word_1_201' title='bbox 471 2171 568 2232; x_wconf 88' lang='lat' dir='ltr'><strong>ulcera</strong></span> <span class='ocrx_word' id='word_1_202' title='bbox 591 2179 671 2247; x_wconf 88' lang='lat' dir='ltr'><strong>suut,</strong></span> <span class='ocrx_word' id='word_1_203' title='bbox 698 2171 801 2232; x_wconf 88' lang='lat' dir='ltr'><strong>eodem</strong></span> <span class='ocrx_word' id='word_1_204' title='bbox 821 2171 960 2230; x_wconf 78' lang='lat' dir='ltr'><strong>furfurum</strong></span> <span class='ocrx_word' id='word_1_205' title='bbox 982 2189 1133 2245; x_wconf 87' lang='lat' dir='ltr'><strong>cremore,</strong></span> 
     </span>
    </p>
   </div>
   <div class='ocr_carea' id='block_1_6' title="bbox 136 2253 1155 2419">
    <p class='ocr_par' dir='ltr' id='par_1_6' title="bbox 136 2253 1155 2419">
     <span class='ocr_line' id='line_1_25' title="bbox 136 2253 1132 2334; baseline 0.004 -22"><span class='ocrx_word' id='word_1_206' title='bbox 136 2253 184 2312; x_wconf 82' lang='lat' dir='ltr'><strong>vel</strong></span> <span class='ocrx_word' id='word_1_207' title='bbox 200 2254 275 2313; x_wconf 88' lang='lat' dir='ltr'><strong>lacte</strong></span> <span class='ocrx_word' id='word_1_208' title='bbox 290 2253 527 2332; x_wconf 85' lang='lat' dir='ltr'><strong>gargarizandum</strong></span> <span class='ocrx_word' id='word_1_209' title='bbox 542 2264 595 2314; x_wconf 91' lang='grc' dir='ltr'><strong>εει.</strong></span> <span class='ocrx_word' id='word_1_210' title='bbox 617 2255 714 2332; x_wconf 81' lang='lat' dir='ltr'><strong>Atque</strong></span> <span class='ocrx_word' id='word_1_211' title='bbox 729 2256 776 2315; x_wconf 92' lang='lat' dir='ltr'><strong>bic</strong></span> <span class='ocrx_word' id='word_1_212' title='bbox 792 2273 907 2334; x_wconf 83' lang='lat' dir='ltr'><strong>quoquc</strong></span> <span class='ocrx_word' id='word_1_213' title='bbox 923 2255 997 2316; x_wconf 84' lang='lat' dir='ltr'><strong>olbia</strong></span> <span class='ocrx_word' id='word_1_214' title='bbox 1014 2256 1132 2316; x_wconf 81' lang='lat' dir='ltr'><strong>lenibus</strong></span> 
     </span>
     <span class='ocr_line' id='line_1_26' title="bbox 137 2336 1155 2419; baseline 0.002 -23"><span class='ocrx_word' id='word_1_215' title='bbox 137 2353 209 2416; x_wconf 86' lang='lat' dir='ltr'><strong>opus</strong></span> <span class='ocrx_word' id='word_1_216' title='bbox 225 2346 285 2414; x_wconf 88' lang='grc' dir='ltr'><strong>εει,</strong></span> <span class='ocrx_word' id='word_1_217' title='bbox 303 2339 405 2416; x_wconf 89' lang='lat' dir='ltr'><strong>quibus</strong></span> <span class='ocrx_word' id='word_1_218' title='bbox 420 2337 507 2414; x_wconf 89' lang='lat' dir='ltr'><strong>adjici</strong></span> <span class='ocrx_word' id='word_1_219' title='bbox 522 2336 608 2398; x_wconf 87' lang='lat' dir='ltr'><strong>dulce</strong></span> <span class='ocrx_word' id='word_1_220' title='bbox 622 2339 717 2398; x_wconf 85' lang='lat' dir='ltr'><strong>vinum</strong></span> <span class='ocrx_word' id='word_1_221' title='bbox 734 2347 842 2419; x_wconf 89' lang='lat' dir='ltr'><strong>potest.</strong></span> <span class='ocrx_word' id='word_1_222' title='bbox 1137 2353 1155 2392; x_wconf 64' lang='grc' dir='ltr'><strong>ιε</strong></span> 
     </span>
    </p>
   </div>
   <div class='ocr_carea' id='block_1_7' title="bbox 360 2575 901 2677">
    <p class='ocr_par' dir='ltr' id='par_1_7' title="bbox 360 2575 901 2677">
     <span class='ocr_line' id='line_1_27' title="bbox 360 2575 901 2677; baseline 0.004 -40"><span class='ocrx_word' id='word_1_223' title='bbox 360 2671 364 2677; x_wconf 20' lang='grc' dir='ltr'>Ι</span> <span class='ocrx_word' id='word_1_224' title='bbox 482 2575 665 2640; x_wconf 73' lang='lat' dir='ltr'><strong>cucur</strong></span> <span class='ocrx_word' id='word_1_225' title='bbox 707 2579 776 2640; x_wconf 75' lang='lat' dir='ltr'><strong>xa</strong></span> <span class='ocrx_word' id='word_1_226' title='bbox 893 2660 901 2673; x_wconf 86' lang='lat'><strong>.</strong></span> 
     </span>
    </p>
   </div>
   <div class='ocr_carea' id='block_1_8' title="bbox 500 2689 755 2740">
    <p class='ocr_par' dir='ltr' id='par_1_8' title="bbox 500 2689 755 2740">
     <span class='ocr_line' id='line_1_28' title="bbox 500 2689 755 2740; baseline 0.008 -2"><span class='ocrx_word' id='word_1_227' title='bbox 500 2689 536 2738; x_wconf 88' lang='lat' dir='ltr'><strong>De</strong></span> <span class='ocrx_word' id='word_1_228' title='bbox 553 2691 604 2740; x_wconf 89' lang='lat' dir='ltr'><strong>oris</strong></span> <span class='ocrx_word' id='word_1_229' title='bbox 620 2691 755 2740; x_wconf 85' lang='lat' dir='ltr'><strong>ulceribus.</strong></span> 
     </span>
    </p>
   </div>
   <div class='ocr_carea' id='block_1_9' title="bbox 135 2832 1186 3504">
    <p class='ocr_par' dir='ltr' id='par_1_9' title="bbox 135 2832 1186 3504">
     <span class='ocr_line' id='line_1_29' title="bbox 197 2832 1130 2918; baseline 0.004 -24"><span class='ocrx_word' id='word_1_230' title='bbox 197 2832 305 2896; x_wconf 88' lang='lat' dir='ltr'><strong>Ulcera</strong></span> <span class='ocrx_word' id='word_1_231' title='bbox 324 2844 418 2896; x_wconf 89' lang='lat' dir='ltr'><strong>autam</strong></span> <span class='ocrx_word' id='word_1_232' title='bbox 435 2837 509 2915; x_wconf 89' lang='lat' dir='ltr'><strong>oris,</strong></span> <span class='ocrx_word' id='word_1_233' title='bbox 527 2840 552 2906; x_wconf 88' lang='lat' dir='ltr'><strong>si</strong></span> <span class='ocrx_word' id='word_1_234' title='bbox 567 2858 631 2900; x_wconf 91' lang='lat' dir='ltr'><strong>cum</strong></span> <span class='ocrx_word' id='word_1_235' title='bbox 645 2840 867 2900; x_wconf 80' lang='lat' dir='ltr'><strong>inflammatione</strong></span> <span class='ocrx_word' id='word_1_236' title='bbox 881 2849 965 2915; x_wconf 82' lang='lat' dir='ltr'><strong>suut,</strong></span> <span class='ocrx_word' id='word_1_237' title='bbox 983 2847 1013 2918; x_wconf 75' lang='lat' dir='ltr'><strong>et</strong></span> <span class='ocrx_word' id='word_1_238' title='bbox 1028 2853 1130 2918; x_wconf 81' lang='lat' dir='ltr'><strong>parunt</strong></span> 
     </span>
     <span class='ocr_line' id='line_1_30' title="bbox 135 2919 1130 3002; baseline 0.004 -24"><span class='ocrx_word' id='word_1_239' title='bbox 135 2939 205 2998; x_wconf 93' lang='lat' dir='ltr'><strong>pura</strong></span> <span class='ocrx_word' id='word_1_240' title='bbox 228 2937 262 2979; x_wconf 88' lang='lat' dir='ltr'><strong>ao</strong></span> <span class='ocrx_word' id='word_1_241' title='bbox 283 2919 439 2982; x_wconf 87' lang='lat' dir='ltr'><strong>rubicunda</strong></span> <span class='ocrx_word' id='word_1_242' title='bbox 461 2931 543 2998; x_wconf 85' lang='lat' dir='ltr'><strong>sunt,</strong></span> <span class='ocrx_word' id='word_1_243' title='bbox 565 2926 673 3002; x_wconf 87' lang='lat' dir='ltr'><strong>optime</strong></span> <span class='ocrx_word' id='word_1_244' title='bbox 694 2925 730 2984; x_wconf 85' lang='lat' dir='ltr'><strong>iis</strong></span> <span class='ocrx_word' id='word_1_245' title='bbox 745 2924 964 2984; x_wconf 83' lang='lat' dir='ltr'><strong>medicamentis</strong></span> <span class='ocrx_word' id='word_1_246' title='bbox 981 2933 1130 2998; x_wconf 84' lang='lat' dir='ltr'><strong>curantur,</strong></span> 
     </span>
     <span class='ocr_line' id='line_1_31' title="bbox 136 3006 1155 3086; baseline 0.002 -25"><span class='ocrx_word' id='word_1_247' title='bbox 136 3021 209 3081; x_wconf 87' lang='lat' dir='ltr'><strong>quae</strong></span> <span class='ocrx_word' id='word_1_248' title='bbox 225 3008 421 3086; x_wconf 89' lang='lat' dir='ltr'><strong>supraposita</strong></span> <span class='ocrx_word' id='word_1_249' title='bbox 438 3025 474 3066; x_wconf 86' lang='lat' dir='ltr'><strong>ex</strong></span> <span class='ocrx_word' id='word_1_250' title='bbox 489 3006 571 3066; x_wconf 90' lang='lat' dir='ltr'><strong>malis</strong></span> <span class='ocrx_word' id='word_1_251' title='bbox 589 3007 701 3084; x_wconf 90' lang='lat' dir='ltr'><strong>punicis</strong></span> <span class='ocrx_word' id='word_1_252' title='bbox 716 3007 770 3086; x_wconf 87' lang='lat' dir='ltr'><strong>(cl.</strong></span> <span class='ocrx_word' id='word_1_253' title='bbox 787 3025 817 3085; x_wconf 91' lang='lat' dir='ltr'><strong>p.</strong></span> <span class='ocrx_word' id='word_1_254' title='bbox 835 3007 907 3083; x_wconf 85' lang='grc'><strong>246,</strong></span> <span class='ocrx_word' id='word_1_255' title='bbox 925 3007 946 3067; x_wconf 92' lang='lat' dir='ltr'><strong>l.</strong></span> <span class='ocrx_word' id='word_1_256' title='bbox 967 3007 1022 3084; x_wconf 81' lang='lat'><strong>19)</strong></span> <span class='ocrx_word' id='word_1_257' title='bbox 1041 3009 1155 3066; x_wconf 70' lang='lat' dir='ltr'><strong>finnus</strong></span> 
     </span>
     <span class='ocr_line' id='line_1_32' title="bbox 136 3086 1129 3169; baseline 0.008 -27"><span class='ocrx_word' id='word_1_258' title='bbox 136 3086 379 3166; x_wconf 88' lang='lat' dir='ltr'><strong>continendusque</strong></span> <span class='ocrx_word' id='word_1_259' title='bbox 390 3108 481 3169; x_wconf 87' lang='lat' dir='ltr'><strong>saepe</strong></span> <span class='ocrx_word' id='word_1_260' title='bbox 502 3107 553 3148; x_wconf 91' lang='lat' dir='ltr'><strong>ore</strong></span> <span class='ocrx_word' id='word_1_261' title='bbox 568 3092 728 3168; x_wconf 82' lang='lat' dir='ltr'><strong>reprimens</strong></span> <span class='ocrx_word' id='word_1_262' title='bbox 743 3099 930 3165; x_wconf 71' lang='lat' dir='ltr'><strong>cremorem,</strong></span> <span class='ocrx_word' id='word_1_263' title='bbox 951 3090 996 3150; x_wconf 87' lang='lat' dir='ltr'><strong>cui</strong></span> <span class='ocrx_word' id='word_1_264' title='bbox 1011 3090 1129 3167; x_wconf 83' lang='lat' dir='ltr'><strong>paulum</strong></span> 
     </span>
     <span class='ocr_line' id='line_1_33' title="bbox 136 3167 1127 3253; baseline 0.004 -28"><span class='ocrx_word' id='word_1_265' title='bbox 136 3167 228 3226; x_wconf 83' lang='lat' dir='ltr'><strong>mellis</strong></span> <span class='ocrx_word' id='word_1_266' title='bbox 241 3172 277 3228; x_wconf 86' lang='lat' dir='ltr'><strong>stt</strong></span> <span class='ocrx_word' id='word_1_267' title='bbox 289 3172 440 3246; x_wconf 83' lang='lat' dir='ltr'><strong>adjectum.</strong></span> <span class='ocrx_word' id='word_1_268' title='bbox 459 3173 600 3235; x_wconf 87' lang='lat' dir='ltr'><strong>Utendum</strong></span> <span class='ocrx_word' id='word_1_269' title='bbox 612 3173 863 3253; x_wconf 86' lang='lat' dir='ltr'><strong>ambulationibus,</strong></span> <span class='ocrx_word' id='word_1_270' title='bbox 874 3173 1037 3234; x_wconf 88' lang='lat' dir='ltr'><strong>etnonucri</strong></span> <span class='ocrx_word' id='word_1_271' title='bbox 1051 3173 1127 3232; x_wconf 91' lang='lat' dir='ltr'><strong>cibo.</strong></span> 
     </span>
     <span class='ocr_line' id='line_1_34' title="bbox 136 3247 1127 3336; baseline 0.004 -26"><span class='ocrx_word' id='word_1_272' title='bbox 136 3249 224 3310; x_wconf 84' lang='lat' dir='ltr'><strong>Simul</strong></span> <span class='ocrx_word' id='word_1_273' title='bbox 236 3247 322 3329; x_wconf 88' lang='lat' dir='ltr'><strong>atqu&#39;e</strong></span> <span class='ocrx_word' id='word_1_274' title='bbox 334 3273 405 3314; x_wconf 90' lang='lat' dir='ltr'><strong>vero</strong></span> <span class='ocrx_word' id='word_1_275' title='bbox 419 3275 489 3333; x_wconf 88' lang='lat' dir='ltr'><strong>pura</strong></span> <span class='ocrx_word' id='word_1_276' title='bbox 502 3257 600 3316; x_wconf 84' lang='lat' dir='ltr'><strong>ulcera</strong></span> <span class='ocrx_word' id='word_1_277' title='bbox 613 3277 680 3317; x_wconf 89' lang='grc' dir='ltr'><strong>εεεε</strong></span> <span class='ocrx_word' id='word_1_278' title='bbox 692 3267 862 3336; x_wconf 83' lang='lat' dir='ltr'><strong>coeperunt,</strong></span> <span class='ocrx_word' id='word_1_279' title='bbox 875 3258 948 3317; x_wconf 87' lang='lat' dir='ltr'><strong>lenis</strong></span> <span class='ocrx_word' id='word_1_280' title='bbox 958 3257 1075 3331; x_wconf 87' lang='lat' dir='ltr'><strong>humor,</strong></span> <span class='ocrx_word' id='word_1_281' title='bbox 1089 3256 1127 3314; x_wconf 90' lang='lat' dir='ltr'><strong>in·</strong></span> 
     </span>
     <span class='ocr_line' id='line_1_35' title="bbox 135 3332 1126 3419; baseline 0.004 -25"><span class='ocrx_word' id='word_1_282' title='bbox 135 3332 245 3394; x_wconf 88' lang='lat' dir='ltr'><strong>tardum</strong></span> <span class='ocrx_word' id='word_1_283' title='bbox 258 3337 342 3396; x_wconf 87' lang='lat' dir='ltr'><strong>etiam</strong></span> <span class='ocrx_word' id='word_1_284' title='bbox 356 3354 437 3414; x_wconf 89' lang='lat' dir='ltr'><strong>quam</strong></span> <span class='ocrx_word' id='word_1_285' title='bbox 451 3343 557 3418; x_wconf 89' lang='lat' dir='ltr'><strong>optima</strong></span> <span class='ocrx_word' id='word_1_286' title='bbox 572 3359 647 3419; x_wconf 88' lang='lat' dir='ltr'><strong>aqna</strong></span> <span class='ocrx_word' id='word_1_287' title='bbox 662 3357 713 3401; x_wconf 92' lang='lat' dir='ltr'><strong>ore</strong></span> <span class='ocrx_word' id='word_1_288' title='bbox 730 3342 901 3402; x_wconf 90' lang='lat' dir='ltr'><strong>continenda</strong></span> <span class='ocrx_word' id='word_1_289' title='bbox 916 3349 977 3402; x_wconf 84' lang='lat' dir='ltr'><strong>est:</strong></span> <span class='ocrx_word' id='word_1_290' title='bbox 990 3339 1126 3418; x_wconf 84' lang='lat' dir='ltr'><strong>prodest·</strong></span> 
     </span>
     <span class='ocr_line' id='line_1_36' title="bbox 136 3415 1186 3504; baseline 0.008 -25"><span class='ocrx_word' id='word_1_291' title='bbox 136 3437 196 3497; x_wconf 89' lang='lat' dir='ltr'><strong>que·</strong></span> <span class='ocrx_word' id='word_1_292' title='bbox 207 3429 359 3495; x_wconf 80' lang='lat' dir='ltr'><strong>assumtum</strong></span> <span class='ocrx_word' id='word_1_293' title='bbox 375 3415 475 3501; x_wconf 85' lang='lat' dir='ltr'><strong>pu&#39;runr</strong></span> <span class='ocrx_word' id='word_1_294' title='bbox 490 3424 601 3502; x_wconf 82' lang='lat' dir='ltr'><strong>vinum,</strong></span> <span class='ocrx_word' id='word_1_295' title='bbox 619 3425 791 3504; x_wconf 87' lang='lat' dir='ltr'><strong>pleniorque</strong></span> <span class='ocrx_word' id='word_1_296' title='bbox 808 3425 907 3502; x_wconf 88' lang='lat' dir='ltr'><strong>cibus,</strong></span> <span class='ocrx_word' id='word_1_297' title='bbox 928 3424 993 3484; x_wconf 91' lang='lat' dir='ltr'><strong>dum</strong></span> <span class='ocrx_word' id='word_1_298' title='bbox 1009 3421 1151 3484; x_wconf 75' lang='lat' dir='ltr'><strong>scribac</strong></span> <span class='ocrx_word' id='word_1_299' title='bbox 1185 3482 1186 3487; x_wconf 73' lang='grc'><strong>,</strong></span> 
     </span>
    </p>
   </div>
   <div class='ocr_carea' id='block_1_10' title="bbox 0 0 1190 3892">
    <p class='ocr_par' dir='ltr' id='par_1_10' title="bbox 0 0 1190 3892">
     <span class='ocr_line' id='line_1_37' title="bbox 0 0 1190 3892; baseline 0 2"><span class='ocrx_word' id='word_1_300' title='bbox 0 0 1190 3892; x_wconf 95' lang='lat' dir='ltr'><strong> </strong></span> 
     </span>
    </p>
   </div>
   <div class='ocr_carea' id='block_1_11' title="bbox 549 3755 653 3805">
    <p class='ocr_par' dir='ltr' id='par_1_11' title="bbox 549 3755 653 3805">
     <span class='ocr_line' id='line_1_38' title="bbox 549 3755 653 3805; baseline 0 0"><span class='ocrx_word' id='word_1_301' title='bbox 549 3755 561 3792; x_wconf 41' lang='lat' dir='ltr'>x</span> <span class='ocrx_word' id='word_1_302' title='bbox 648 3797 653 3805; x_wconf 72' lang='grc' dir='ltr'><strong>ι</strong></span> 
     </span>
    </p>
   </div>
  </div>
 </body>
</html>
