2392 3906
401 161 693 214 mmmm
933 145 1042 214 ’Μ

38 313 136 375 etiam
152 313 181 374 in
196 315 261 394 ipso
275 315 378 379 morbo
392 315 501 378 dierum
515 320 588 378 ratio
603 327 737 388 mutatum
753 319 840 398 fitque
852 320 980 396 gravior,
997 320 1045 398 qni

35 400 202 458 remissior
220 419 289 458 esse
304 409 503 461 consueverat.
536 401 632 480 Atque
653 404 716 481 ipse
733 403 977 480 quartusdecimus
992 420 1045 480 par

14 492 105 568 est,
133 485 164 541 in
186 501 241 561 quo
266 502 332 544 esse
352 503 483 562 magnam
498 486 554 544 vim
570 487 675 562 antiqui
691 485 861 547 fatebantur.
892 488 946 562 Qui
961 505 1046 566 quum

39 576 186 627 octavum
207 569 289 644 primi
310 577 438 628 naturam
459 568 567 628 habere
588 569 808 645 contenderent,
831 579 860 629 ut
882 570 917 630 ab
940 587 976 629 co
999 587 1045 629 se·

14 670 27 707 a
42 650 161 710 cundus
174 653 354 728 septenarius
368 653 524 731 inciperet,¹
536 653 591 732 ipsi
609 651 663 710 sibi
674 652 883 731 repugnabant,
898 671 956 712 non
967 662 1044 713 octa·

41 753 129 811 vum,
159 753 252 812 neque
274 734 431 812 decimum,
456 753 550 814 neque
571 735 768 795 duodecimum
794 737 868 795 diem
896 737 1044 812 sumendo,

42 821 130 896 qnasi
150 821 356 896 potentiorem:
381 819 446 898 plus
461 820 535 878 enim
549 817 710 879 tribuebant
726 836 818 896 nono,
842 829 870 879 et
884 820 1045 879 undecimo.

43 903 133 978 Quod
149 920 232 979 quum
247 902 384 964 fecissent
400 903 528 964 sineulla
542 902 685 982 probabili
700 904 821 980 ratione,
836 903 872 963 ab
883 903 1044 979 undecimo,

44 1004 107 1045 non
122 985 160 1046 ad
179 987 451 1064 tertiumdecimum,
475 986 527 1046 sed
542 987 577 1046 ad
593 985 862 1064 quartumdecimum
874 987 1044 1054 transibant.

10 1069 105 1129 aoldst
121 1070 203 1129 etiam
218 1069 292 1148 apud
306 1071 530 1150 Hippocratem,
547 1072 589 1146 ei,
615 1088 698 1149 quem
713 1073 850 1149 septimus
866 1070 927 1130 dies
943 1071 1045 1131 libera·

52 1163 134 1212 turus
146 1155 202 1229 sit,
224 1163 352 1231 quartum
369 1173 436 1214 esse
458 1155 658 1230 gravissimum
676 1154 731 1234 (ci.
748 1153 827 1232 Apb.
844 1154 881 1232 ll,
897 1155 963 1232 24).
992 1154 1046 1230 lta,

49 1237 103 1298 illo
119 1254 234 1316 quoque
249 1246 376 1315 auctore,
394 1240 423 1298 in
437 1238 483 1297 die
499 1239 561 1317 pari
579 1248 608 1297 et
621 1240 739 1316 gravior
754 1237 844 1298 lebria
860 1256 926 1298 esse
940 1247 1047 1317 potest,

46 1330 77 1380 et
96 1329 177 1380 certa
192 1320 278 1380 futuri
294 1332 371 1382 nota.
397 1321 494 1400 Atque
510 1322 585 1382 idem
599 1322 655 1382 alio
673 1322 740 1382 loco
758 1322 813 1401 (cl.
830 1321 941 1401 Propo.
957 1323 1046 1398 §utu

45 1401 144 1483 lapaut.
161 1403 203 1478 Π,
220 1405 248 1480 6,
268 1407 319 1476 11;
344 1404 449 1466 Fract.
471 1406 492 1482 ς
509 1407 564 1474 31;
592 1403 659 1466 Aac.
680 1406 702 1482 ὃ
724 1405 779 1484 67)
802 1415 930 1484 quartum
951 1423 1046 1484 quem-

12 1505 38 1546 an
49 1507 106 1566 que
122 1488 213 1563 diem,
235 1498 264 1547 ut
282 1487 308 1548 iu
325 1499 474 1566 utrumque
490 1489 719 1548 efficacissimum
735 1488 938 1567 apprehendit;
959 1489 1048 1548 idest

50 1581 194 1649 quartum,
212 1573 372 1650 septimum,
389 1572 578 1648 undecimum,
595 1572 878 1650 quartumdecimum,
896 1572 1046 1632 decimum·

50 1656 212 1734 septimum.
242 1655 276 1715 ln
297 1674 354 1735 quo
376 1665 406 1716 et
428 1656 464 1716 ab
484 1657 601 1736 imparis
625 1656 660 1716 ad
676 1657 753 1735 paris
774 1658 912 1716 rationem
926 1657 1047 1733 transiit,

48 1747 78 1798 et
100 1757 137 1798 ne
160 1738 217 1798 hoc
240 1740 353 1818 quidem
370 1742 549 1819 propositum
568 1740 767 1807 conservavit;
792 1757 875 1818 quum
892 1758 908 1800 a
924 1741 1046 1817 septimo

46 1822 96 1883 die
112 1821 371 1899 undecimus,.non
388 1833 517 1902 quartus,
536 1823 587 1883 sed
605 1825 718 1902 quintus
737 1824 783 1884 sit.
813 1823 897 1883 Adeo
915 1831 1046 1901 apparet,

12 1923 231 1984 noquacumque
246 1908 356 1966 ratione
378 1907 413 1968 ad
428 1925 573 1968 numerum
585 1909 818 1986 respexerimus,
834 1907 901 1966 nihil
918 1907 1047 1982 rationis,

48 1989 102 2050 sub
118 1988 171 2048 illo
190 1989 302 2068 quidem
318 2000 454 2068 auctore,
479 1992 611 2070 reperiri.
644 1994 752 2052 Verum
767 1993 795 2049 iu
809 1991 854 2050 his
870 1989 982 2068 quidem
999 2007 1046 2050 an·

47 2076 147 2151 tiquos
158 2073 372 2134 tunocelebres
389 2074 538 2134 admodum
552 2075 735 2153 pythagorici
746 2076 855 2133 numeri
865 2074 1047 2132 fefellerunt:

49 2175 136 2235 quum
156 2155 205 2216 hic
227 2174 340 2236 quoque
363 2158 491 2216 medicus
512 2177 570 2218 nou
592 2176 742 2218 numerare
764 2157 826 2216 dies
846 2155 967 2232 debeat,
996 2156 1048 2216 sed

48 2243 130 2318 ipsas
147 2243 334 2300 accessiones
348 2243 467 2308 intueri;
483 2249 512 2300 et
527 2260 564 2301 ex
579 2241 623 2300 his
652 2242 835 2316 conjectare,
853 2240 965 2319 quando
980 2240 1047 2299 dan·

17 2349 44 2388 aa
54 2323 107 2383 dus
121 2321 204 2382 cibus
219 2326 265 2383 sit.
285 2323 370 2385 'Illud
385 2334 478 2384 autem
492 2327 582 2400 magis
598 2324 708 2383 adrem
729 2325 861 2402 pertinet,
882 2324 973 2397 scire,
990 2321 1057 2382 tum'
1075 2383 1077 2390 ,

55 2416 184 2486 oporteat
200 2407 269 2484 dari,
285 2426 369 2487 quum
380 2409 439 2482 jam
452 2408 527 2467 bene
539 2426 630 2467 venae
647 2409 884 2484 conquieverunt,
900 2424 936 2465 au
950 2407 1047 2466 etiam·

6 2556 10 2565 ,
51 2508 118 2564 num
131 2491 308 2550 manentibus
326 2491 454 2571 reliquiis
472 2492 572 2551 febris.
602 2491 721 2569 Antiqui
737 2489 905 2568 enimquam
921 2490 1046 2566 integer·

48 2575 127 2634 rimis
140 2575 315 2652 corporibus
327 2576 489 2635 alimentum
508 2574 682 2644 offerebaut;
697 2573 899 2652 Asclepiades,
914 2574 1047 2635 inclinata

49 2657 165 2737 quidem
186 2657 285 2734 febre,
309 2657 361 2720 sed
382 2659 474 2719 adhuc
495 2667 589 2719 tamen
610 2658 786 2718 inhaerente.
816 2657 847 2718 lu
870 2675 926 2736 quo
947 2675 1048 2717 vanam

15 2745 192 2806 arationem
213 2753 349 2821 sequutus
374 2752 434 2802 est:
458 2761 514 2803 nou
535 2762 592 2822 quo
613 2759 670 2802 non
692 2744 728 2802 sit
751 2742 889 2802 interdum
912 2744 1046 2801 maturius

48 2826 133 2887 cibus
149 2827 267 2902 dandus,
284 2828 307 2887 si
322 2837 430 2886 mature
447 2829 559 2886 timetur
575 2827 665 2886 altera
682 2828 830 2893 accessio;
852 2825 903 2885 sed
919 2843 975 2903 quo
992 2826 1046 2882 soi·

46 2911 119 2972 licet
142 2928 225 2988 quam
247 2913 396 2971 sanissimo
419 2910 479 2973 dari
501 2910 622 2969 debeat:
645 2911 738 2969 miuus
754 2911 1045 2987 enim‘corrumpituu

47 2994 128 3073 quod
145 2995 260 3071 integro
277 2995 393 3072 corpori
410 2995 538 3054 infertur.
566 2993 668 3071 Neque
681 3002 775 3052 tamen
787 3011 886 3050 vorum
898 3001 952 3067 est,
970 2991 1047 3070 quod

47 3079 216 3140 Themisoni
236 3078 402 3153 videbatur,
425 3080 448 3138 sl
474 3078 582 3137 duabus
602 3077 681 3135 horis
705 3078 818 3152 integer
837 3076 947 3134 futurus
968 3084 1046 3136 esset

16 3181 159 3240 coaeger,
182 3163 270 3221 satius
293 3181 360 3221 esse
381 3171 447 3221 tunc
466 3162 540 3228 dari;
564 3169 592 3219 ut
607 3160 641 3218 ab
656 3161 771 3235 integro
790 3176 914 3237 corpore
931 3161 1045 3238 potissi·

47 3266 124 3308 mum
146 3246 336 3306 diduceretur.
376 3245 447 3305 Nam
472 3247 495 3303 si
519 3243 613 3302 diduci
634 3252 690 3301 tam
710 3241 845 3301 celeriter
871 3253 988 3320 posset,
1018 3243 1046 3301 id

48 3340 131 3390 esset
154 3331 306 3407 optimum:
325 3329 380 3408 'sed
403 3347 487 3408 quum
506 3327 563 3387 hoc
585 3326 675 3386 breve
696 3335 807 3404 tempus
830 3343 886 3385 nou
907 3334 1046 3405 praestet,

49 3415 139 3473 satius
162 3421 207 3472 est
232 3414 371 3492 principia
395 3412 450 3472 cibi
475 3431 490 3471 a
514 3411 674 3476 decedente
689 3407 787 3485 febre,
811 3427 894 3487 quam
911 3409 1048 3487 reliquias

91 3517 187 3555 causus
205 3517 223 3556 r.
832 3494 851 3553 6
