2444 3904
144 209 163 273 2
439 225 471 276 ιι.
488 225 519 274 c.
535 224 633 274 ouusr
648 220 839 271 usuromsu

144 379 219 458 apud
234 399 298 455 nos,
310 379 481 440 afflixerunt.
503 377 632 455 Ideoque
642 374 793 453 multiplex
803 375 857 434 ista
872 374 1024 448 medicina,
1038 387 1137 448 neque

144 465 212 523 olim
229 464 316 542 [apud
333 464 485 542 Graecosl,
501 480 595 539 neque
611 460 685 538 apud
697 460 769 519 alias
779 469 882 536 gentes
893 457 1071 529 necessaria,
1088 455 1139 513 vix

144 548 256 626 aliquos
283 566 320 607 ex
343 548 427 607 nobis
450 548 485 606 ad
512 546 669 604 senectutis
696 545 836 622 principia
868 543 1008 620 perducit.
1045 537 1137 619 ,Ergo

145 635 229 692 etiam
251 641 320 710 post
335 650 404 709 cos,
419 631 456 691 de
472 628 574 707 quibus
589 628 689 702 retuli,
706 627 776 686 nulli
799 627 869 686 clari
890 628 943 686 viri
965 623 1139 684 medicinam

44 761 48 771 .
145 725 349 786 exercuerunt;
368 716 461 776 donec
475 713 584 788 majore
601 711 693 772 studio
708 711 854 771 literarum
868 710 1019 787 disciplina
1030 709 1137 784 agitari
1151 725 1164 764 c

145 801 253 878 coepit,
269 818 352 878 quae,
365 809 395 857 ut
409 799 501 858 animo
520 798 676 875 praecipue
692 799 814 854 omnium
825 796 1000 870 necessaria,
1016 793 1059 852 sic
1072 808 1139 850 cor-

144 886 209 963 pori
224 885 336 943 inimica
353 892 406 943 est.
435 882 588 959 Primoque
601 879 733 942 medendi
748 880 867 938 scientia
890 877 1048 956 sapientiae
1067 893 1140 953 pars

144 966 312 1041 habebatur,
328 976 356 1026 ut
372 975 400 1024 et
413 964 577 1025 morborum
593 966 712 1040 curatio,
730 973 758 1023 et
773 981 867 1022 rerum
879 972 995 1022 naturae
1008 969 1139 1019 contem-

144 1051 236 1128 platio
252 1049 303 1108 sub
320 1049 420 1109 iisdem
434 1049 598 1108 auctoribus
610 1057 675 1107 nata
690 1049 740 1108 sit:
759 1046 871 1109 scilieet
882 1048 916 1105 iis
929 1045 1002 1105 hanc
1012 1045 1139 1102 maxime

143 1132 367 1210 requirentibus,
395 1136 442 1212 qui
466 1149 619 1210 corporum
641 1150 758 1192 snorum
776 1130 885 1192 robora
909 1131 1003 1207 quieta
1026 1130 1173 1204 cogita-ro

143 1218 236 1290 tione,
251 1225 448 1294 nocturnaque
462 1218 560 1294 vigilia
575 1217 742 1278 minuerant.
776 1214 903 1292 Ideoque
919 1213 1024 1272 multos
1040 1229 1078 1270 ex
1093 1229 1139 1270 sa-

143 1300 267 1377 pientiae
285 1301 500 1377 professoribus
515 1303 625 1380 peritos
645 1302 707 1374 ejus
725 1301 815 1358 luisse
839 1300 1017 1377 accepimus:
1037 1295 1139 1354 claris-

143 1385 231 1442 simos
246 1402 318 1443 vero
335 1403 371 1443 ex
386 1386 420 1443 iis
434 1385 638 1463 Pythagoram
653 1393 682 1444 et
696 1383 920 1462 Empedoclem,
945 1391 973 1440 et
987 1380 1139 1440 Democri-

144 1476 211 1526 tum.
243 1468 333 1542 Hujus
350 1478 452 1545 autern,
472 1479 500 1528 ut
517 1469 629 1547 quidam
645 1468 836 1543 erediderunt,
853 1466 1009 1544 discipulus
1026 1464 1139 1542 Hippo-

143 1559 238 1610 crates
254 1550 349 1628 Cous,
369 1554 476 1630 primus
492 1553 605 1630 quidem
620 1571 657 1611 ex
673 1552 802 1612 omnibus
818 1552 955 1610 memoria
972 1550 1082 1626 dignis,
1100 1545 1138 1606 ab
1152 1567 1173 1605 c

145 1633 237 1695 studio
254 1637 412 1713 sapientiae
430 1637 608 1716 disciplinam
623 1635 868 1713 hancseparavit,
879 1638 924 1694 vir
936 1642 965 1694 et
977 1641 1038 1692 arte
1054 1641 1083 1690 et
1095 1631 1138 1690 la-

143 1718 244 1778 cundia
259 1720 389 1797 insignis.
418 1721 487 1780 Post
502 1739 585 1799 quem
602 1720 722 1780 Diocles
738 1719 897 1795 Carystius,
913 1717 1016 1778 deinde
1031 1716 1138 1774 Praxa-

142 1819 231 1880 goras
245 1812 275 1862 et
289 1802 485 1883 Chrysippus,
501 1815 558 1864 tum
573 1803 749 1883 Herophilus
770 1813 800 1863 et
818 1804 1008 1864 Erasistratus
1028 1801 1071 1858 sic
1093 1816 1138 1858 ar-

143 1897 199 1947 tem
213 1885 286 1946 hauc
301 1898 502 1966 exercuerunt,
522 1897 553 1947 ut
568 1891 651 1947 etiarn
666 1891 694 1946 in
710 1888 840 1948 diversas
857 1886 973 1947 curandi
992 1886 1053 1944 vias
1068 1899 1137 1962 pro-

143 1971 292 2030 cesserint.
318 1970 481 2050 lisdemque
500 1973 678 2051 temporibus
694 1975 722 2031 in
740 1982 800 2031 tres
817 1973 915 2050 partes
938 1969 1080 2029 medicina
1099 1965 1174 2024 di-ro

142 2053 226 2113 ducta
239 2063 297 2114 est:
314 2065 343 2114 ut
358 2074 412 2115 una
429 2066 516 2134 esset,
533 2073 606 2134 quae
621 2059 711 2125 victu;
729 2057 835 2131 altera,
858 2073 932 2133 quae
947 2053 1140 2136 medicamen-

141 2139 194 2206 tis;
216 2140 308 2216 tertia,
325 2157 398 2217 quae
414 2159 498 2200 manu
515 2141 688 2201 mederetur.
716 2141 837 2200 Primam
855 2128 1068 2218 διαιτητικήν,
1093 2151 1141 2194 se·

143 2222 262 2282 cundum
295 2217 584 2305 φαρμακευτικήν,
618 2227 730 2286 tertiam
766 2215 1002 2304 χειρουργικῆν
1034 2219 1142 2280 Graeci

141 2309 328 2367 nominarunt.
360 2309 431 2384 Ejus
447 2319 548 2386 autern,
567 2328 639 2388 quae
650 2313 728 2370 victu
739 2307 857 2367 morbos
872 2315 961 2377 curat,
977 2305 1065 2380 longe
1080 2302 1140 2362 cla-

141 2392 405 2469 rissimiauctores‚
422 2396 506 2454 etiam
521 2395 605 2454 altius
621 2393 760 2472 quaedam
777 2394 888 2466 agitare
909 2391 1020 2464 conati,
1042 2403 1174 2445 rerumcu
1193 2425 1195 2428 -

33 2509 36 2513 -
142 2491 257 2550 quoque
278 2487 395 2536 naturae
412 2478 466 2537 sibi
485 2479 678 2554 coguitionem
699 2475 893 2550 vindicarunt,
911 2485 1053 2550 tamquam
1075 2471 1141 2528 siue

142 2575 176 2614 ea
204 2565 303 2616 trunca
329 2569 357 2617 et
380 2559 483 2618 debilis
503 2560 643 2618 medicina
671 2567 759 2618 esset.
797 2557 868 2618 Post
890 2575 964 2636 quos
986 2555 1141 2632 Serapiou,

142 2640 249 2718 primus
264 2643 402 2718 omniurn,
423 2643 492 2700 nihil
507 2641 581 2701 hanc
601 2642 769 2702 rationalem
789 2641 969 2720 disciplinam
990 2641 1141 2718 pertinere

142 2721 178 2782 ad
191 2722 360 2784 medicinam
375 2725 541 2802 professus,
563 2728 591 2784 in
611 2744 664 2784 usu
683 2734 789 2785 tautum
806 2737 834 2786 et
850 2725 1056 2805 experimentis
1074 2739 1140 2780 eam

142 2807 247 2883 posuit.
288 2807 379 2881 Quem
399 2807 592 2885 Apolloniae,
619 2819 647 2868 et
665 2809 815 2887 Glaucias,
844 2820 873 2870 et
900 2810 1046 2887 aliquanto
1071 2813 1174 2883 posteo

80 2925 82 2930 ·
140 2889 310 2950 Heraclides
326 2891 506 2968 Tarentinus,
523 2893 613 2952 etalii
630 2911 746 2972 quoque
763 2912 821 2954 non
836 2894 1004 2954 mediocres
1022 2891 1077 2950 viri
1093 2907 1148 2948 se··

142 2974 233 3070 qunti,
258 2978 295 3032 ex
318 2976 381 3053 ipsa
402 2975 587 3053 professione
612 2995 645 3038 se
666 2969 876 3058 ἐμπειρικούς
904 2977 1140 3057 appellaverunt.

142 3057 190 3154 Suc
208 3059 236 3114 in
252 3055 322 3117 duas
339 3068 436 3136 partes
451 3077 486 3120 ea
502 3078 627 3139 quoque,
644 3079 718 3138 quae
735 3064 813 3122 victu
827 3071 924 3138 curat,
939 3060 1082 3122 medicina
1098 3055 1139 3116 di-

141 3157 202 3198 vrsa
218 3149 277 3217 est,
294 3142 357 3201 aliis
373 3143 541 3204 rationalem
557 3153 660 3221 artem,
676 3147 739 3206 aliis
754 3164 835 3206 usum
849 3155 956 3206 tautum
973 3143 1028 3204 sibi
1046 3141 1138 3201 uindi-

143 3222 288 3283 cantibus:
311 3225 389 3285 nullo
406 3245 477 3288 vero
494 3227 646 3305 quidquam
662 3239 729 3308 post
742 3247 796 3290 'eos
825 3232 872 3308 qui
899 3247 987 3308 supra
1004 3240 1174 3303 compre-cu

141 3305 223 3366 hensi
235 3318 308 3385 sunt,
324 3311 465 3387 agitante,
478 3313 531 3370 nisi
548 3313 625 3389 quod
643 3322 812 3392 acceperat,
831 3313 924 3372 donec
941 3308 1139 3389 Asclepiades

141 3390 272 3451 medendi
284 3396 423 3454 rationem
436 3413 474 3456 ex
487 3413 591 3472 magna
603 3407 685 3474 parte
698 3397 824 3456 mutavit.
855 3395 901 3456 Ex
920 3399 1001 3472 cujus
1019 3409 1138 3454 succes·

142 3474 256 3546 soribus
274 3476 428 3540 Themison
447 3497 539 3558 nuper
557 3481 621 3559 ipse
643 3480 918 3558 quoqne·quaedam
939 3482 967 3540 in
985 3485 1139 3539 senectute
