2396 3904
464 333 663 424 curun
699 364 832 426 xxv.

339 477 376 528 De
390 475 439 542 his,
457 491 592 542 quaecum
610 476 714 526 vulnere
732 477 787 526 loeo
803 485 945 527 moventur.

147 195 208 260 362
256 209 289 258 u.
309 205 662 260 aeramentorum
679 208 750 257 nus.
765 207 840 258 vm.
855 207 933 261 cnr.
950 208 1040 258 xxv.

206 627 287 688 Haec
302 621 432 689 iacienda
451 638 515 688 sunt
532 629 609 688 iniis
626 628 757 705 casibus,
771 627 819 687 ubi
834 629 896 687 siue
920 627 1054 687 vulnere
1077 644 1141 690 ossa
1194 621 1195 672 3

144 711 313 772 exciderunt
328 711 374 791 ¹).
455 711 509 772 Hie
522 730 638 790 quoque
659 721 689 772 et
709 713 813 788 ingens
836 711 1002 790 periculum
1028 721 1094 786 est,
1115 721 1140 771 et

145 812 181 855 eo
204 797 337 872 gravius,
367 812 423 873 quo
446 797 537 871 majus
561 795 717 855 membrum
735 799 922 873 est,'quove
947 794 1157 873 validioribuss
1194 827 1195 858 3

143 881 242 938 nervis
256 888 303 938 aut
316 879 455 939 musculis
470 880 639 940 continetur.
669 879 799 955 Ideoque
814 880 842 937 in
859 878 1014 955 humeris,
1025 878 1141 938 femori·

143 961 256 1044 busque
269 972 361 1022 metus
377 964 475 1024 mortis
483 971 543 1022 est:
561 979 606 1040 ac,
621 963 645 1022 si
660 964 790 1040 reposita
807 980 874 1022 ossa
888 970 966 1037 suut,
976 979 1053 1040 spes
1070 962 1143 1020 nulla

144 1053 204 1114 est;
229 1062 286 1104 non
309 1048 445 1124 repositis
467 1056 577 1123 temen,
602 1047 766 1106 nonnullum
781 1044 941 1123 periculum
962 1055 1027 1104 est:
1049 1062 1142 1123 eoque

143 1129 236 1200 maior
249 1129 277 1185 in
293 1136 414 1205 utroque
430 1132 514 1190 timor
530 1139 590 1206 est,
608 1147 664 1207 quo
686 1130 807 1208 propius
824 1128 928 1187 vulnus
944 1129 1080 1188 articulo
1092 1137 1141 1187 est.

141 1207 416 1287 Hippocrates-nihil
433 1221 493 1272 tuto
511 1215 613 1292 reponi
628 1229 727 1289 posse,
745 1221 861 1291 praeter
876 1210 997 1287 digitos,
1016 1221 1050 1270 et
1066 1213 1166 1290 plan-n

34 1289 37 1294 ’
142 1301 197 1367 tas,
216 1301 244 1350 et
260 1311 370 1369 manus,
385 1295 455 1354 dixit
470 1295 533 1373 (De
551 1295 766 1369 ortic.§67-
780 1294 817 1353 ci.
836 1294 857 1369 §
874 1296 1042 1372 63—66):
1060 1306 1141 1374 atque
1194 1301 1195 1332 r

142 1376 172 1435 in
193 1375 238 1435 bis
255 1394 370 1454 quoquc
392 1378 547 1455 diligenter
569 1397 635 1438 esse
659 1379 817 1455 agendum,
844 1396 881 1436 ne
897 1380 1141 1456 praecipitarent
1194 1401 1195 1434 t

143 1459 265 1534 Quidam
280 1459 398 1521 brachia
414 1480 530 1540 quoque
547 1471 576 1520 et
593 1479 677 1521 crura
692 1469 900 1540 reposuerunt;
919 1470 957 1538 et,
975 1480 1014 1521 ne
1035 1464 1140 1538 cancri,
1193 1443 1195 1552 4

143 1542 394 1622 distentionesque
414 1563 565 1604 nervorum
583 1548 740 1613 orirentur,
763 1544 814 1604 sub
831 1544 933 1623 quibus
949 1546 980 1603 in
997 1546 1140 1620 eiusmodi
1194 1571 1195 1618 p

76 1687 82 1699 Χ
143 1645 211 1686 casu
227 1627 310 1687 fieret
324 1645 402 1687 mors
417 1637 539 1697 matura,
556 1631 722 1705 sanguinem
735 1647 771 1688 ex
782 1629 900 1688 brachio
910 1629 1068 1690 miserunt.
1085 1631 1164 1690 Ve-ts
1194 1639 1195 1696 j

141 1723 203 1769 turn
218 1728 255 1769 ne
271 1709 374 1787 digitus
391 1711 521 1789 quidem:
539 1712 567 1770 in
582 1731 638 1791 quo
655 1714 806 1792 minimum,
822 1721 851 1770 ut
865 1712 982 1786 malum,
997 1715 1045 1772 sie
1059 1716 1139 1772 etiarn
1194 1705 1195 1732 ³

145 1791 306 1868 periculum
317 1803 377 1853 est:
392 1796 495 1874 reponi
508 1795 596 1854 debet
608 1804 656 1854 aut
668 1804 734 1854 ante
746 1795 1013 1872 inflammationem,
1026 1805 1081 1854 aut
1092 1815 1137 1877 po·

146 1880 227 1949 stea,
246 1892 331 1951 quum
342 1879 402 1952 jam
413 1886 497 1937 vetus
510 1897 558 1937 res
571 1886 625 1936 est.
648 1878 678 1937 Si
694 1897 808 1956 quoque
820 1880 954 1957 reposito
968 1897 1043 1938 osse
1058 1880 1136 1939 nerui

145 1953 362 2036 distenduntur,
380 1979 479 2020 rursus
493 1961 521 2019 id
536 1963 667 2038 protinus
685 1963 888 2038 expellendum
905 1969 959 2022 est.
983 1960 1082 2022 Omne
1094 1981 1136 2022 au·

140 2051 199 2103 tem
211 2042 381 2122 membrum,
398 2046 475 2124 quod
492 2063 555 2106 cum
570 2046 690 2105 vulnere
706 2045 773 2105 loco
789 2055 911 2120 motum,
934 2063 1033 2122 neque
1052 2065 1158 2125 repo-n

142 2127 226 2186 situm
241 2135 300 2204 est,
323 2129 366 2187 sic
384 2129 487 2203 jacere
512 2130 662 2203 convenit,
684 2137 713 2187 ut
733 2130 855 2187 maxime
873 2128 1028 2188 cubantem
1038 2131 1135 2204 juvat;

139 2218 246 2270 tanturn
261 2228 297 2270 ne
312 2221 472 2287 moveatur,
490 2231 564 2272 neve
580 2211 751 2289 dependeat.
778 2211 810 2270 ln
822 2213 956 2290 omnique
968 2212 1022 2272 tali
1035 2212 1136 2272 morbo
1194 2215 1195 2262 t

139 2310 272 2371 magnum
288 2313 324 2353 ex
339 2295 426 2372 longa
441 2295 516 2355 farne
532 2296 706 2374 praesidium
725 2303 786 2354 est:
807 2294 910 2355 deinde
928 2314 966 2354 ex
985 2297 1136 2355 curatione
1193 2265 1195 2306 ¹

45 2425 53 2446 ,
140 2378 258 2451 eadem,
278 2396 357 2457 quae
370 2381 522 2458 proposita
539 2387 583 2439 est
599 2378 647 2438 ubi
664 2379 779 2437 ossibus
795 2379 896 2437 fractis
912 2378 1019 2438 vulnus
1036 2397 1135 2439 acces·

51 2473 64 2490 ⁶
142 2461 187 2519 sit.
218 2462 249 2520 Si
265 2461 367 2520 nudum
382 2481 417 2521 os
433 2465 553 2535 eminet,
577 2463 780 2540 impedimento
803 2479 919 2540 semper
933 2462 1063 2522 futurum
1079 2470 1160 2522 esna
1176 2513 1182 2525 .

139 2541 218 2618 ideo,
234 2542 310 2621 quod
327 2547 452 2623 excedit,
469 2545 693 2604 abscindendum
712 2555 771 2614 est;
789 2543 1026 2623 imponendaque
1048 2563 1135 2624 super

142 2623 221 2683 arida
238 2625 392 2686 linamenta
409 2637 488 2704 sunt,
514 2637 544 2687 et
565 2627 773 2688 medicamenta
795 2645 852 2686 non
876 2629 1008 2705 pinguim
1033 2629 1134 2704 donec,
1193 2645 1195 2714 p

130 2723 213 2784 ¹quae
230 2707 293 2767 sola
311 2727 377 2767 esse
398 2711 426 2768 in
448 2711 589 2785 ejusmodi
617 2729 650 2769 re
665 2714 772 2771 sanitas
791 2719 903 2786 potest,
925 2713 1035 2771 veniat.
1067 2711 1135 2770 Nam
1193 2721 1195 2754 ἐ

139 2799 169 2851 et
190 2790 322 2852 debilitas
343 2794 485 2872 sequitur,
511 2803 539 2852 et
553 2795 646 2852 tenuis
668 2795 788 2854 cicatrix
810 2793 968 2862 inducitur;
993 2813 1072 2872 quae
1089 2813 1133 2854 ne·

140 2879 224 2936 cesse
241 2886 286 2937 est
300 2876 388 2938 facile
405 2894 501 2938 noxae
518 2886 620 2956 postea
636 2885 740 2956 pateat.
1138 2901 1157 2942 a

145 2987 354 3030 ----—J-

209 3078 368 3139 nuntians
388 3079 498 3141 antiquis
513 3075 585 3126 deest
601 3074 679 3123 altera
693 3075 790 3138 periodi
813 3089 887 3140 pars,
913 3088 977 3137 quae
999 3073 1061 3124 huic
1091 3089 1132 3139 op·

137 3147 286 3210 ponebatur.
303 3149 441 3200 Lindenius
459 3149 493 3197 ita
503 3144 617 3210 supplet:
637 3159 714 3206 saepe
729 3151 809 3194 tamen
825 3160 879 3192 enm
894 3147 997 3192 vulnere
1012 3147 1068 3194 loco
1085 3159 1130 3193 mo·
1194 3165 1195 3176 ¹

136 3223 231 3265 aeman.
243 3213 315 3264 Forte
325 3220 429 3268 meiius:
445 3229 623 3279 nonnumquam
632 3227 685 3260 enm
697 3217 798 3264 vnlnere
813 3215 867 3264 loco
877 3219 1013 3264 mouentur.
1025 3209 1056 3260 Id
1066 3211 1129 3260 enim

137 3292 188 3332 non
203 3295 287 3350 saepe,
307 3287 353 3336 sed
370 3302 426 3359 raro
441 3287 478 3338 m.
