2372 3892
303 239 304 244 1
333 214 402 262 ern.
420 213 479 262 uu.
496 213 569 262 our.
593 217 648 266 xv,
664 217 734 266 xvi.
960 207 1017 272 293

362 367 545 432 CAPUT
574 371 680 432 XVI.

160 489 163 496 ’
184 483 220 534 De
233 492 318 536 ventre
328 487 378 536 ictu
389 487 528 553 perforato,
544 497 568 538 ει
577 490 702 540 intestinis
715 493 859 543 volueritis.

94 621 311 700 Nonnumquam
327 633 420 686 antem
433 633 533 684 venter
548 626 604 685 ictu
620 626 715 704 aliquo
736 628 912 705 perforatum
928 633 1019 710 sequi·

27 715 151 784 turque,
166 714 197 765 ut
212 707 343 774 intestino
360 708 529 768 evolvantur
551 709 597 785 (P.
615 709 755 787 Acg.V1‚
776 713 842 791 52).
869 714 953 789 Quod
974 714 1020 774 ubr

6 790 149 866 sincidit‚
165 790 294 868 protinus
310 791 548 852 considerandum
565 802 623 869 εει,
647 811 682 852 un
697 797 809 872 integra
828 815 863 856 eo
882 800 950 866 sint;
973 798 1020 857 do·

30 873 119 949 inde,
138 890 173 932 an
190 874 225 932 iis
241 874 324 934 color
340 893 408 934 suus
423 884 544 935 maneat.
574 877 604 935 Si
622 879 732 938 tenuius
750 881 911 940 intestinum
924 880 1020 960 perio·

30 967 127 1018 rutum
142 965 203 1030 est,
219 957 287 1016 nihil
305 959 408 1035 profici
423 977 521 1037 posse,
536 961 595 1036 jam
613 960 708 1020 retuli.
741 961 838 1022 Latius
860 966 1019 1024 intestinum

29 1042 76 1102 sui
91 1048 203 1119 potest:
219 1057 277 1100 uon
301 1043 377 1118 quod
393 1049 471 1102 certa
486 1043 588 1103 fiducia
607 1045 657 1112 sit;
680 1045 731 1104 sed
750 1046 935 1128 ‘quod'dubia
953 1065 1022 1124 spes

31 1133 115 1184 oertn
132 1123 332 1200 desperatione
348 1127 383 1185 sit
400 1127 509 1203 potior;
531 1127 669 1186 interdum
686 1129 758 1187 enim
772 1129 935 1204 glutinetur.
952 1131 1021 1190 Tum

7 1210 54 1268 osi
78 1205 245 1267 utrumlibet
271 1209 431 1268 intestinum
453 1209 584 1284 liuidum,
607 1219 654 1272 aut
676 1212 826 1290 pallidum,
849 1223 895 1273 aut
912 1215 1021 1290 nigrum

30 1300 94 1366 est,
115 1291 216 1369 quibus
232 1291 300 1350 illud
316 1309 432 1370 quoque
443 1297 611 1354 necessario
625 1295 752 1373 accedit,
771 1305 799 1355 ut
814 1314 900 1356 sensu
914 1305 1021 1372 curent,

29 1376 175 1438 medicina
201 1377 292 1434 omnis
321 1377 411 1436 innuis
439 1385 492 1435 est.
522 1378 553 1436 Si
580 1395 649 1436 vero
678 1377 769 1438 adhuc
797 1397 831 1439 cu
853 1382 896 1439 sui
914 1380 1021 1439 coloris

30 1467 114 1534 suut,
138 1475 201 1518 cnm
226 1476 327 1536 mogun
350 1460 533 1520 festinatione
556 1461 777 1520 succurrendum
798 1471 857 1522 est:
878 1472 1021 1522 momento

32 1543 108 1602 enirn
134 1541 292 1602 alienentur
309 1552 430 1602 externo
453 1552 482 1603 et
503 1546 615 1604 insueto
633 1546 732 1622 spiritu
749 1546 932 1606 circumdato.
964 1547 1020 1606 Re·

6 1624 210 1706 resupinandus
227 1634 319 1686 eutem
340 1627 426 1687 iromo
442 1635 503 1705 εει,
530 1628 612 1686 coxis
632 1628 836 1698 erectioribus;
862 1639 906 1706 ει,
928 1633 952 1690 si
973 1647 1021 1688 en·

31 1711 147 1788 gustius
162 1709 264 1769 vulnus
279 1718 336 1786 est,
353 1729 434 1789 quam
450 1720 479 1770 ut
498 1713 634 1772 'intestina
653 1713 803 1772 commode
824 1713 1021 1788 refundantur,

31 1792 215 1854 incidendum
231 1803 285 1869 εει,
302 1794 395 1854 donec
411 1796 479 1854 sutis
497 1803 612 1873 pateat:
636 1814 679 1871 oc,
696 1798 791 1872 sijum
809 1799 931 1857 sicciora
949 1799 1021 1856 iute-

32 1879 106 1936 stinu
123 1885 198 1953 sunt,
215 1878 372 1955 perluenda
389 1895 461 1956 eque
477 1887 549 1955 sunt,
568 1881 612 1938 cui
628 1881 741 1958 paulum
753 1881 903 1940 admodum
918 1879 975 1940 olei
986 1879 1022 1941 sit

34 1961 191 2036 adjectum.
221 1961 292 2021 Tum
307 1963 435 2021 minister
442 1955 514 2022 'ores
522 1963 649 2022 vulneris
664 1963 767 2023 leniter
782 1965 919 2024 diducere
935 1965 1021 2024 nterii-

6 2041 25 2084 ιθ
35 2044 89 2104 bns
97 2045 169 2120 suis,
186 2045 328 2104 ueletiam
339 2045 450 2104 duobus
461 2045 688 2107 humisinteriori
700 2047 882 2107 membranae
896 2047 1038 2122 injectis„

33 2126 138 2189 debet:
160 2128 286 2188 medicus
296 2130 392 2206 priore
409 2147 524 2207 semper
538 2129 681 2205 intestino,
695 2148 767 2208 quae
780 2131 942 2207 posteriora
956 2146 1021 2207 pro·
1057 2197 1060 2204 ,

34 2212 117 2290 Ιερεε
133 2220 211 2288 sunt,
227 2212 354 2272 condere
370 2213 427 2289 sic,
446 2222 474 2271 ut
489 2213 599 2272 orbium
615 2214 900 2290 singulorum‘looum
914 2221 1021 2272 servet.

33 2295 184 2374 Repositis
199 2296 347 2372 omnibus,
370 2296 473 2356 leuiter
488 2298 573 2356 homo
596 2297 799 2357 concutiendus
822 2306 880 2356 est:
912 2314 969 2375 quo
992 2296 1023 2354 ut

34 2387 64 2438 ut
81 2397 138 2458 per
153 2381 309 2456 sosinguiu
330 2381 462 2440 intestino
485 2382 513 2439 in
535 2398 601 2439 suas
616 2380 702 2440 sedes
719 2380 910 2456 deducantur,
944 2388 973 2438 ει
993 2380 1023 2438 in

6 2461 79 2522 uhis
101 2463 262 2523 considunt.
292 2463 342 2522 His
365 2463 502 2540 conditis,
528 2473 670 2523 omentum
693 2482 808 2543 quoque
839 2461 1022 2523 consideran·

36 2545 99 2606 dum
122 2553 183 2606 est:
216 2565 253 2605 ex
270 2563 345 2625 quo,
370 2547 394 2605 si
409 2546 475 2624 quid
486 2549 548 2622 jam
563 2548 636 2623 nigri
653 2556 682 2607 ει
704 2547 825 2608 emortui
842 2555 902 2622 εει,
919 2547 1022 2607 forfice

36 2629 131 2689 excidi
145 2629 247 2690 debet:
273 2633 297 2690 si
312 2632 453 2706 integrum
470 2639 528 2708 εει,
543 2630 646 2690 leniter
657 2649 746 2710 super
760 2632 892 2690 intestina
909 2628 1021 2690 deduci·

35 2712 141 2773 Sutura
167 2723 261 2773 nutem
284 2731 378 2791 neque
403 2733 526 2774 summae
551 2715 638 2790 cutis,
660 2733 753 2795 neque
775 2716 920 2775 interioris
937 2731 1022 2773 mem·

36 2794 258 2874 braneeperso
274 2800 344 2858 setis
364 2799 493 2875 proiicit;
516 2797 569 2858 sed
590 2801 752 2878 utriusque:
776 2809 806 2858 et
823 2798 935 2876 quidem
954 2796 1021 2856 duoss

6 2877 90 2938 eunus
106 2879 173 2938 linis
195 2881 349 2956 injiciendo
376 2887 437 2957 εει,
460 2883 584 2957 spissior
605 2900 688 2960 quam
705 2883 789 2948 atium
810 2883 874 2959 quia
891 2888 919 2939 et
931 2878 1023 2955 rumpi

38 2962 153 3022 facilius
175 2973 253 3024 motu
270 2965 378 3024 ventris
396 2974 505 3042 potest,
524 2974 553 3024 et
565 2982 622 3024 non
637 2982 729 3043 seque
745 2965 856 3039 magnis
870 2961 1022 3021 inflamma·

37 3046 162 3106 tionibus
178 3065 245 3126 pers
260 3066 294 3108 eu
308 3049 440 3126 expositu
456 3057 509 3107 est.
539 3047 628 3126 Igitur
642 3050 670 3108 in
686 3048 756 3107 dues
777 3063 846 3106 ocus
862 3045 909 3104 ula
934 3046 1022 3119 corrji·

39 3129 155 3206 ciendo,
172 3149 282 3210 eaeque
300 3130 410 3191 duabus
425 3131 554 3192 menibus
573 3132 728 3197 tenendam
751 3139 780 3188 ει
798 3129 878 3206 prius
895 3128 1022 3188 interiori

38 3213 218 3275 membranae
231 3223 326 3275 sutura
342 3215 493 3290 injiciendo
508 3224 552 3273 est
562 3216 616 3292 sic,
631 3224 662 3275 ut
673 3214 785 3273 sinistra
798 3230 896 3272 munus
909 3215 937 3272 in
955 3213 1023 3273 dex-

7 3299 147 3357 ttteriore
165 3315 231 3374 ore,
248 3299 348 3358 dextra
366 3299 394 3357 in
409 3299 587 3358 sinisteriore
609 3295 628 3357 ε’
648 3297 789 3376 principio
804 3297 930 3357 vulneris
946 3313 1022 3371 orsu,

39 3377 73 3438 ub
89 3381 227 3442 interiore
244 3383 370 3460 partein
386 3386 558 3443 exteriorem
576 3399 657 3442 soum
678 3382 820 3440 immittat:
851 3398 907 3460 quo
929 3381 972 3453 fit,
994 3387 1023 3437 nt

39 3461 73 3522 ab
87 3465 228 3528 intestinis
245 3483 362 3548 estpars
379 3483 493 3546 semper
508 3483 607 3527 nouum
622 3467 672 3541 sit,
689 3483 762 3544 quae
778 3473 874 3524 retuso
890 3473 943 3523 est.
968 3461 1019 3522 So·
