2384 3896
364 165 433 215 tus.
448 165 496 214 vr.
519 164 596 214 cnr.
612 165 714 224 1-7-1v.
978 151 1038 216 223
1091 139 1093 142 ’
1127 129 1131 137 ’

20 319 206 399 corrumpi,
223 336 310 400 quarn
328 320 372 394 id,
400 319 477 397 quod
490 329 593 396 nocet,
609 323 638 380 in
656 317 739 380 aliam
754 327 864 397 partem
882 319 975 396 magis
990 337 1039 380 ne·

21 407 204 466 cessariam
226 405 309 464 verti.
347 402 532 464 Commodius
548 413 592 463 est
608 420 681 481 ergo
697 403 817 462 subinde
828 403 980 481 pectendo
994 421 1039 463 re·

21 505 189 568 purgare,
207 505 290 565 quum
304 488 332 546 id
349 505 387 546 ex
401 495 464 546 tota
479 485 646 565 prohibere.
668 489 698 547 Si
712 496 806 547 mareu
820 505 854 546 ea
866 504 915 547 res
927 487 1040 546 nimium

23 571 183 648 offendit,
209 570 287 648 quad
309 571 588 649 bumore'sequcnte
602 571 665 630 lieri
680 579 792 649 potest,
812 571 962 648 magisque
976 571 1000 629 si
1016 571 1040 628 is
1125 571 1128 578 '

1 657 128 721 setiam
150 654 221 714 mali
244 655 343 715 adoris
366 663 427 729 est,
451 663 536 732 caput
558 671 648 732 saepe
663 651 819 715 radendum
837 663 897 722 cst;
929 654 995 713 dein
1012 653 1040 714 id

26 738 328 816 superadjuvandum
348 737 492 816 aliquibus
512 755 549 797 ex
569 738 673 798 leuiter
693 737 931 815 reprimentibus:
954 736 1040 815 quale
1150 740 1157 754 ·

28 830 80 881 est
98 822 209 880 nitrum
225 840 288 881 aum
303 830 404 898 aceto,
420 821 469 882 vel
487 821 617 882 ladanum
635 839 698 881 curn
713 831 825 882 murteo
843 829 871 880 et
887 823 972 896 vino,
990 819 1040 879 vel

28 903 263 978 myrobalanum
287 923 350 964 cum
371 906 446 965 virro.
486 907 516 965 Si
532 922 631 984 parum
647 923 701 984 per
716 904 789 964 haec
805 906 969 983 proficitur,
990 921 1039 962 ue-

28 987 271 1048 hementioribus
299 990 340 1048 uti
367 989 453 1059 licet;
489 1006 551 1049 cum
578 1006 633 1064 ec,
662 998 692 1048 ut
719 990 860 1066 sciamus,
887 989 985 1067 utique
1012 988 1040 1046 in

2 1073 155 1132 crecenti
172 1073 243 1132 vitio
259 1073 287 1134 id
302 1073 402 1133 inutile
417 1091 493 1136 essa.

391 1309 415 1369 O
427 1310 491 1369 ΑΡ
502 1311 531 1372 U
543 1313 571 1370 'I'
609 1259 689 1371 ΙΙΙ.

465 1426 501 1474 De
521 1425 618 1491 Sycost.

102 1575 159 1636 Est
176 1579 262 1638 etiam
277 1576 376 1654 ulcus,
393 1576 471 1656 quod
484 1595 499 1636 a
512 1578 558 1638 lici
572 1577 756 1638 similitudine
768 1567 913 1647 σύκωσις
925 1594 940 1635 a
954 1574 1040 1640 Grae·

39 1663 86 1720 cis
102 1661 275 1720 nominatur.
314 1658 390 1720 Gara
413 1662 575 1721 excrescit:
600 1671 629 1722 et
650 1663 679 1721 id
702 1661 815 1740 quidem
831 1659 971 1736 generale
987 1668 1041 1718 est.

1 1743 103 1804 ra'Sub
121 1761 160 1804 ea
174 1761 247 1804 vero
264 1743 339 1804 duae
353 1745 472 1822 species
490 1754 564 1804 sunt.
587 1745 719 1805 Alterum
737 1744 819 1811 uleus
835 1744 935 1802 durum
951 1751 980 1801 et
995 1760 1041 1802 ra·

36 1827 158 1886 tundam
173 1836 235 1888 est:
251 1827 372 1888 alterum
383 1828 525 1888 humidum
539 1839 568 1890 et
581 1829 743 1907 inaequale.
766 1826 811 1887 Ex
823 1827 894 1887 duro
907 1828 1042 1903 exiguum

37 1909 176 1989 quiddam
192 1920 220 1972 et
235 1909 409 1988 glutinosum
423 1914 495 1973 exit:
519 1931 557 1973 ex
574 1912 688 1974 humido
706 1913 785 1991 plus,
804 1906 833 1971 e't
848 1912 915 1970 mali
932 1911 1040 1970 odoris.

36 1995 85 2055 Fit
107 2004 260 2074 utrumque
276 1996 353 2054 iniis
371 1995 518 2074 partibus,
541 2015 614 2075 quae
634 1997 701 2075 pilis
718 2004 925 2071 conteguntur:
947 1995 1000 2054 sed
1015 1993 1042 2053 id

38 2078 175 2158 quidem,
197 2079 276 2157 quod
297 2079 436 2140 callosum
457 2089 486 2140 et
508 2081 657 2141 rotundum
673 2089 734 2154 est,
755 2082 878 2154 maxime
894 2080 922 2136 in
936 2077 1041 2144 barba;

2 2177 28 2218 aa
39 2163 69 2223 id
85 2180 175 2240 vero,
194 2164 270 2240 quad
286 2163 444 2240 humidum,
460 2166 619 2243 praecipue
635 2165 664 2223 in
678 2163 795 2241 capillo.
815 2163 921 2240 ,Super
936 2169 1045 2219 utrum-

14 2265 100 2325 ¹que
123 2256 242 2324 oportet
261 2249 411 2326 imponere
436 2249 604 2324 elaterium,
630 2257 678 2307 aut
697 2247 745 2307 lini
768 2263 868 2305 semen
882 2245 1043 2322 ,contritum

39 2340 71 2390 et
94 2347 174 2409 aqua·
194 2339 342 2408 eoactum,
368 2341 415 2392 aut
434 2333 517 2391 licum
539 2333 566 2391 in
588 2331 848 2410 aqua-decoctam,
873 2337 919 2388 aut
935 2327 1042 2406 empla-

35 2410 133 2473 strum
155 2413 414 2492 tetrapharmacum
439 2433 476 2474 ex
498 2425 584 2476 aceto
607 2415 766 2476 subactum.
810 2414 901 2474 Terra
924 2428 1042 2491 quoque

40 2499 153 2558 eretria
168 2516 204 2557 cu
222 2507 307 2559 aceto
324 2499 431 2578 liquata
445 2509 528 2560 recte
544 2499 671 2560 illinitur.

6 2753 32 2794 ιι
403 2736 586 2797 CAPUT
609 2736 638 2796 ·I
649 2739 687 2798 V.

473 2853 510 2901 De
527 2853 610 2902 Areus.

108 3004 246 3065 Arearum
265 3022 382 3084 quoque
397 3005 453 3065 dua
469 3014 578 3082 genera
591 3012 665 3064 sunt.
689 3001 845 3062 Commune
859 2998 972 3074 utrique
987 3001 1043 3070 est,

47 3089 127 3169 qacd
138 3084 272 3149 'emortua
286 3106 394 3148 summa
411 3089 549 3167 pellicula
565 3089 615 3167 pili
632 3089 751 3168 primum
767 3087 972 3157 extenuantur,
994 3079 1044 3140 de·

45 3174 115 3234 inde
138 3173 285 3235 excidunt:
307 3192 358 3250 ac,
371 3174 406 3234 esi
429 3169 502 3233 ictus
523 3175 547 3232 is
564 3173 647 3232 lacus
664 3179 726 3245 est,
753 3167 869 3245 sanguis
886 3165 945 3224 exit
962 3164 1044 3243 liqui·

12 3279 38 3322 tu
48 3259 120 3331 dus,
136 3266 163 3317 et
178 3257 245 3318 mali
260 3258 376 3318 odoris:
397 3257 591 3336 increscitque
606 3263 756 3329 utrumque
772 3251 801 3310 in
815 3250 880 3310 aliis
896 3249 1044 3323 celeriter,

47 3345 76 3405 in
92 3341 155 3401 aliis
166 3341 256 3407 tarde.
281 3341 367 3417 Pejus
380 3349 439 3418 est,
456 3340 533 3418 quad
545 3339 663 3399 densam
676 3345 786 3410 cutem,
803 3345 832 3395 et
844 3333 1043 3412 subpinguem,

51 3437 81 3489 et
98 3444 133 3486 ex
148 3435 207 3487 tuto
223 3425 354 3503 glabram
366 3426 447 3486 iecit.
458 3425 501 3472 -'-
517 3423 575 3484 Sed
586 3440 629 3500 ea,
646 3438 721 3500 quae
733 3407 903 3481 ἄλωιιεκία
915 3416 1043 3476 nomina-
