2384 3896
139 209 200 270 230
432 219 466 266 u.
483 217 513 267 c.
532 217 631 268 ceusu
647 217 841 266 unurcrunn

140 382 226 452 eaput
247 381 332 452 atque
357 370 460 432 oeulos
481 370 598 432 lovere:
624 381 683 431 tum
707 381 857 452 utmmque
878 371 1018 450 penicillo
1043 369 1139 446 deter-

139 475 230 534 gere,
259 465 288 516 et
308 473 417 532 ungere
439 463 527 534 caput
546 456 634 522 irino;
665 458 873 533 continereque
897 457 927 514 in
955 455 1073 516 lectulo
1099 475 1139 532 se,

139 541 232 602 donec
254 541 346 600 omnis
368 538 466 616 ealon,
493 539 541 616 qni
564 547 724 617 conceptus
740 547 799 613 est,
817 539 944 614 liniatur,
963 539 1140 618 desinatque

139 624 243 699 sudor,
265 623 312 702 qui
335 623 502 684 necessario
526 625 554 681 iu
577 624 673 701 capite
689 622 833 682 collectus
847 631 907 682 est:
927 623 1044 683 tumud
1067 623 1140 683 iden

134 707 196 768 cibi
211 710 326 785 uinique
344 723 437 784 genus
451 705 640 782 veniendum,
656 708 714 782 sio,
730 714 760 764 ut
770 707 904 784 potiones
916 725 1059 766 meracae
1071 706 1153 774 sint3e

139 791 390 870 obtegendumque
417 798 520 868 caput,
550 798 580 848 et
598 788 813 868 quiescendum.
850 791 946 870 Saepe
969 791 1051 848 enim
1076 799 1140 869 pont

139 875 212 934 haec
225 875 323 951 gravis
344 890 476 960 somnus,
505 890 595 950 saepe
615 873 719 948 sudor,
751 869 845 950 saepel
862 872 919 933 alvi
939 873 1079 947 dejectio
1101 875 1138 952 pi·

138 961 224 1019 tuitae
244 971 358 1016 cursum
379 955 449 1014 linit.
486 956 517 1015 Si
538 957 662 1016 levatum
683 955 786 1016 malurn
803 964 863 1025 est;
886 957 962 1035 quod
981 958 1136 1036 eliquanto

137 1043 254 1118 saepius
268 1038 487 1115 ilt3perplures
502 1038 564 1099 dies
580 1040 655 1100 idem
670 1041 732 1108 lieri
749 1048 882 1117 oportet,
905 1040 1000 1100 donec
1018 1058 1063 1100 ex
1080 1050 1138 1100 toto

138 1126 244 1185 sortitas
267 1125 443 1182 restituatur.
480 1123 511 1182 Si
532 1121 748 1184 diebusiindem
764 1124 845 1183 aluos
859 1123 927 1183 nibil
940 1123 1064 1200 reddit,
1092 1124 1162 1184 ela-u

138 1205 229 1266 cenda
245 1215 303 1281 eet,
320 1221 376 1283 quo
392 1207 484 1283 magis
501 1207 670 1285 superiores
684 1216 784 1286 partes
800 1206 940 1266 leventur.

198 1287 417 1366 Nonnumquam
450 1297 545 1350 autem
575 1290 679 1367 ingens
709 1291 892 1350 inflammatio
917 1298 999 1350 tanto
1027 1291 1139 1368 impetu

138 1374 273 1449 erumpit,
289 1381 318 1432 ut
333 1372 437 1432 oculos
454 1389 506 1433 sua
520 1373 592 1434 sede
606 1373 766 1453 propellet:
789 1365 982 1451 πρόπτωσιν
997 1373 1049 1448 id,
1070 1391 1138 1452 quo·

137 1457 210 1516 niam
224 1455 301 1516 oculi
317 1455 483 1535 procidunt,
500 1455 603 1517 Graeci
619 1457 776 1536 appellunt.
811 1457 862 1516 llis
877 1459 990 1534 utique,
1013 1459 1044 1515 si
1060 1460 1138 1517 vires

138 1542 296 1618 patiuntur,
324 1541 492 1616 sauguinem
514 1541 597 1609 mitti:
632 1544 655 1600 si
680 1540 709 1599 id
729 1541 792 1601 lieri
818 1557 874 1599 non
895 1549 1008 1619 potest,
1041 1540 1161 1602 elrunu

86 1669 89 1675 .
137 1623 219 1697 duci,
240 1623 461 1700 longioremque
478 1622 600 1684 inediam
615 1624 718 1700 iudici,
742 1624 936 1684 necessarium
954 1631 1009 1682 est.
1058 1624 1137 1703 Opm

135 1716 231 1766 antem
245 1706 399 1766 leuissimis
414 1705 630 1768 medicamentis
645 1717 704 1766 est:
728 1707 853 1785 ideoque
873 1706 992 1768 Cleonis
1005 1708 1135 1783 collyrio

136 1790 264 1865 quidam,
292 1788 368 1866 quod
389 1807 427 1848 ex
446 1789 560 1850 duobus
582 1792 795 1868 antepositum
815 1799 875 1867 est,
905 1799 1031 1851 utuntur.
1081 1791 1135 1852 Sed

137 1873 332 1950 optimunpest
343 1871 433 1941 Nilei;
454 1890 549 1951 neque
564 1873 600 1935 de
613 1870 673 1934 irllo
688 1875 781 1951 magis
797 1874 872 1934 inter
884 1891 984 1936 omnes
997 1884 1134 1935 auctores

137 1958 280 2015 convenit.
660 1993 664 2000 -
775 2003 787 2024 ,
1140 1985 1159 2025 2.

198 2040 227 2100 9.
246 2038 277 2097 ld
291 2037 377 2099 babet
391 2040 471 2100 naudi
487 2042 590 2119 indici,
607 2045 763 2121 papaveris
779 2043 932 2118 lacrimae,
951 2043 1133 2120 singulorum

133 2141 164 2200 p.
180 2122 236 2200 )·(.
251 2155 302 2179 -.
325 2125 446 2198 gummis
460 2125 552 2204 p,)·(.
568 2140 590 2185 1.
615 2129 694 2185 croci
713 2146 741 2206 p.
758 2128 814 2205 )-(.
830 2141 868 2186 11.
892 2127 1027 2187 loliorum
1047 2143 1133 2186 rosae

135 2208 291 2266 recentium
309 2207 470 2285 p.)·(.1v.
488 2225 562 2286 qnae
573 2209 622 2269 vel
641 2227 713 2287 equa
732 2211 888 2288 pluviatili,
911 2211 960 2270 vel
974 2213 1047 2270 vino
1065 2211 1131 2282 levi,

135 2289 307 2350 subaustero
331 2299 482 2366 coguntur.
520 2291 624 2370 Neque
648 2293 771 2353 alienum
795 2303 840 2353 est
861 2293 1060 2371 malicorium,
1087 2293 1130 2352 vel

70 2437 72 2442 ,
133 2373 271 2447 εθτῑυίιιι
288 2390 452 2451 campanam
468 2392 505 2434 err
519 2376 589 2435 uino
601 2393 746 2454 coquere,
770 2377 875 2438 deinde
890 2385 1064 2445 contereres
1088 2385 1156 2437 autc

29 2521 32 2527 ,
135 2465 253 2516 murtam
278 2457 387 2532 nigrum
410 2473 474 2516 cum
499 2473 588 2518 rosae
612 2459 692 2519 foliis
718 2462 856 2528 miscere;
885 2470 932 2520 cot
960 2461 1130 2537 hyoscyami

135 2538 204 2596 ioliu
223 2557 286 2597 curn
310 2541 357 2616 ovi
378 2542 453 2598 coeti
470 2541 587 2611 uitello;
615 2552 662 2602 eut
676 2543 795 2603 lerinam
810 2563 874 2612 eum
891 2547 1010 2605 acaciae
1028 2556 1128 2616 suecc,

134 2619 182 2678 vel
198 2637 301 2697 passe,
318 2631 365 2680 aut
379 2623 489 2684 mulso:
513 2625 615 2702 quibus
631 2627 656 2684 si
671 2626 742 2687 folia
757 2645 873 2706 quoque
889 2631 1047 2707 papeveris
1063 2629 1129 2702 adji-

134 2703 260 2778 ciuntur,
276 2703 420 2781 aliquanto
435 2707 595 2768 valentiore
611 2718 685 2768 sunt.
707 2709 815 2770 Horum
830 2711 926 2789 aliquo
942 2722 1128 2791 praeparato,

99 2865 102 2870 .
135 2787 273 2864 penicillo
288 2787 391 2847 fovere
410 2789 513 2849 oculos
530 2801 648 2870 oportet
666 2812 703 2852 err
720 2811 794 2870 aqua
814 2795 906 2855 calida
921 2813 1086 2873 expresso,
1103 2797 1155 2854 inst

133 2888 189 2948 que
210 2880 276 2931 ente
297 2870 343 2930 uel
365 2873 449 2932 murti
470 2873 517 2932 vel
537 2892 624 2934 rosae
644 2876 715 2937 folia
736 2877 857 2938 decocta
872 2879 942 2938 sint:
969 2878 1076 2938 deinde
1094 2895 1128 2937 ea

134 2953 191 3015 illis
210 2955 316 3036 aliquid
335 2957 452 3036 imponi.
491 2956 611 3018 Praeter
625 2958 698 3019 haec
713 2961 749 3020 ab
768 2963 923 3040 occipitio,
947 2963 1127 3035 incisa-cute,

134 3039 311 3100 cucurbitula
339 3042 500 3104 adhibenda
516 3054 570 3106 est.
598 3040 682 3114 Quod
699 3045 724 3102 si
741 3045 883 3122 perheec
898 3048 1047 3105 restitutus
1061 3061 1125 3105 ocu·

134 3119 178 3176 los
194 3123 221 3179 in
237 3123 336 3182 sedem
354 3143 432 3182 suam
448 3141 506 3182 nou
523 3133 584 3199 est,
607 3126 766 3205 eodemque
784 3129 869 3188 modo
887 3129 1043 3206 prolapsus
1063 3147 1125 3206 per·

132 3212 241 3279 manet,
263 3207 340 3264 scire
361 3216 478 3284 oportet
499 3207 594 3266 lumen
614 3227 682 3268 esee
702 3214 850 3281 emissum
874 3211 978 3272 deinde
994 3213 1153 3285 iuturmnas

23 3297 27 3306 ·
125 3292 162 3342 nt
183 3295 229 3345 aut
252 3287 416 3349 indurescat
436 3293 476 3364 is,
501 3300 547 3350 aut
568 3293 596 3350 in
614 3310 668 3370 pus
684 3305 820 3356 vertatur.
855 3296 887 3354 Si
904 3298 1075 3374 suppuratio
1092 3312 1123 3354 ee

133 3369 273 3443 ostendit,
293 3369 327 3429 ab
345 3388 381 3430 eo
397 3373 519 3450 angulo,
538 3378 585 3451 qui
601 3380 724 3454 tempori
739 3380 861 3456 propior
877 3388 937 3454 eet,
954 3379 1039 3438 incidi
1056 3395 1121 3438 ocu·

132 3450 177 3512 lus
192 3451 293 3524 debet;
318 3463 363 3532 ut,
388 3456 480 3516 effuso
496 3475 584 3536 pure,
608 3470 637 3520 et
652 3461 833 3524 inflammatio
848 3481 883 3523 ee
898 3463 984 3524 dolor
996 3464 1120 3544 liniatur,
