2384 3896
364 193 433 242 ora.
447 193 480 242 v.
502 192 578 242 can.
595 193 689 242 xxvr.
965 183 1021 246 191

83 347 143 410 22.
166 345 204 410 lli
218 347 358 410 adversus
373 346 570 426 profusionem
586 347 701 426 quidem
715 347 744 407 in
758 347 802 408 his
813 349 949 410 auxilium
961 357 1022 410 est:

4 432 172 494 adversus
186 432 433 494 inflammationem
448 441 540 492 antem
554 435 582 492 iu
600 434 665 511 ipso
681 433 828 508 sanguinis
845 451 941 494 eursu.
981 431 1024 494 Ea
1065 459 1072 480 x

5 518 120 578 timeri
147 525 262 595 potest,
286 515 334 576 ubi
356 516 466 578 laesum
481 525 527 576 est
543 516 591 576 vel
608 534 660 591 os,
689 515 736 575 vel
752 533 873 594 nervus,
898 516 945 577 vel
963 534 1023 578 oar-

7 600 139 678 tilago,
164 600 218 660 'vel
237 601 399 668 .musoulus;
434 609 481 660 aut
501 599 549 660 ubi
568 618 666 678 parum
690 601 838 677 sanguinis
863 619 917 680 pro
938 601 1024 664 modo

10 683 160 746 vulneris
175 684 266 745 lluxit.
302 684 383 761 Ergo
400 684 514 763 quoties
530 683 598 763 quid
613 685 671 745 tale
688 685 759 760 erit,
784 685 952 762 sanguinem
967 703 1024 746 ma·

4 773 86 829 'ture
107 769 295 847 supprimere
315 787 373 828 uon
395 767 559 847 oportebit;
582 767 634 828 sed
650 768 710 847 pati
724 767 832 843 liuere,
857 769 921 829 dum
936 777 1025 830 tutum
1062 836 1066 844 ⁴

13 854 96 925 erit,
124 851 201 912 adeo
222 861 253 912 ut
278 853 303 914 si
326 869 426 930 parum
447 852 566 912 lluxisse
581 851 742 927 videbitur,
767 853 838 912 mitti
854 870 972 931 quoque
987 871 1026 912 ex

11 935 150 996 braohio
172 935 293 1006 debeat3
323 937 420 1014 utique
440 937 464 997 si
488 953 595 1015 eorpus
616 936 748 1012 juvenile
775 945 805 996 et
826 935 974 996 robustum
997 945 1030 996 et

13 1022 219 1082 exercitatum
235 1029 295 1080 est:
311 1019 460 1100 multoque
475 1023 584 1098 magis,
599 1021 624 1080 si
640 1020 669 1081 id
682 1019 786 1082 vulnus
801 1019 929 1081 ebrietas
941 1039 1024 1100 prae-

17 1105 128 1166 cessit.
154 1103 238 1181 Quod
253 1105 278 1164 si
290 1094 437 1180 musbulus
452 1097 552 1166 laesos¹
561 1104 714 1182 videbitur,
735 1104 945 1183 praecidendus
956 1106 1024 1166 erit:

13 1206 89 1250 raam
108 1206 284 1266 percussus,
300 1189 465 1250 mortiferus
480 1199 540 1259 est;
560 1190 725 1268 praecisus,
742 1189 892 1248 sanitatem
910 1188 1025 1268 recipit.

86 1272 142 1334 23.
158 1274 319 1350 ¹Sanguine
340 1283 434 1334 autem
455 1273 502 1334 vel
523 1289 701 1352 suppresso,
723 1274 747 1332 si
769 1274 872 1332 nimius
886 1274 1024 1352 erumpit;

16 1357 72 1418 vel
97 1356 257 1434 exhausto,
287 1359 312 1416 si
334 1376 388 1437 per
408 1375 441 1418 se
464 1376 563 1436 parum
582 1358 680 1426 bonite
709 1357 799 1434 longe
824 1359 960 1436 optimum
981 1365 1026 1416 est
1093 1381 1098 1388 ·

17 1441 133 1502 vulnus
158 1441 301 1518 glutinari.
344 1442 445 1503 Potest
471 1451 563 1502 autem
587 1441 616 1502 id
639 1440 717 1521 qood
740 1441 788 1501 vel
811 1441 839 1500 iu
865 1451 949 1516 oute,
977 1440 1026 1502 vel

4 1526 116 1584 »etiam
132 1526 162 1586 in
179 1543 266 1586 earne
282 1535 343 1602 εει,
360 1525 383 1586 εἰ
398 1525 467 1586 nibil
483 1528 509 1586 ei
525 1535 679 1604 praeterea
693 1524 759 1584 mali
776 1524 906 1586 aceedit:
930 1532 1026 1604 potest
1074 1521 1076 1526 ’

21 1627 98 1670 earo
121 1608 178 1669 alia
201 1618 284 1688 parte
304 1610 489 1690 dependens,
511 1611 565 1670 alia
587 1609 755 1676 inhaerens;
777 1611 801 1668 si
817 1617 912 1668 tamon
927 1609 1025 1670 etiam·

21 1711 94 1753 num
114 1694 229 1771 integra
252 1703 313 1772 εει,
340 1704 369 1754 ει
390 1693 592 1770 conjunctione
616 1694 751 1771 eorporis
774 1692 899 1754 lovetur.
936 1691 968 1752 ln
990 1691 1026 1754 iis

22 1795 101 1840 vero
125 1794 200 1854 quae
223 1778 413 1856 glutinantur,
441 1778 548 1857 duplex
570 1778 680 1838 curatio
704 1785 758 1838 est.
794 1775 867 1838 Nam
890 1777 914 1836 si
937 1776 1026 1855 plaga

23 1864 57 1921 in
78 1861 160 1922 molli
182 1871 346 1941 partelest,
368 1863 414 1924 sui
430 1861 530 1931 debet;
553 1864 748 1940 maximeque,
770 1861 795 1922 si
810 1861 933 1922 discissa
948 1861 1026 1921 auris

4 1948 84 2008 uirua
100 1955 159 2022 est,
177 1947 226 2006 vel
242 1947 314 2006 imus
329 1964 431 2024 nasus,
449 1947 497 2008 vel
511 1947 609 2024 lroos,
626 1945 796 2023 velbuooa,
813 1945 861 2006 vel
874 1944 1025 2024 palpebra,

24 2029 76 2090 vel
98 2029 226 2107 labrum,
249 2031 297 2092 vel
320 2033 398 2092 eirea
417 2040 513 2109 guttur
536 2032 628 2108 eutis,
652 2029 700 2090 vel
714 2038 826 2091 venter.
863 2031 894 2090 Si
911 2030 1027 2090 veroin

27 2131 119 2174 earne
134 2114 236 2176 vulnus
253 2125 315 2192 εει,
337 2116 469 2195 hiatque,
494 2134 588 2196 neque
603 2117 633 2176 in
649 2131 734 2196 uuum
750 2132 820 2175 orae
836 2113 924 2174 laoile
939 2121 1025 2173 attra-

25 2198 150 2272 buntur,
172 2209 267 2259 sutura
290 2200 404 2279 quidem
424 2201 517 2261 aliena
539 2209 601 2268 est;
621 2198 813 2277 imponendae
831 2214 903 2260 vero
919 2195 1026 2256 fibulae
1088 2213 1092 2221 ¹

28 2290 112 2350 sunt;
134 2275 299 2363 ἅγκτῆρας
312 2285 415 2346 Graeci
430 2287 592 2354 nominant;
609 2300 683 2362 quae
700 2300 783 2357 oras,
800 2280 915 2361 paulurn
932 2289 1025 2340 tamen

5 2365 216 2442 econtrabant,
232 2369 395 2447 quominus
410 2369 468 2429 lata
482 2377 586 2448 postea
602 2369 721 2428 eioatrix
736 2368 786 2430 sit..
810 2365 857 2426 Ex
870 2365 914 2426 bis
930 2373 1025 2426 autem

30 2450 132 2528 colligi
153 2460 268 2530 potest,
293 2452 321 2512 id
340 2469 456 2532 quoque
480 2453 556 2532 quod
577 2453 631 2512 alia
656 2461 738 2530 parte
761 2450 948 2530 dependens,
970 2447 1025 2509 alia

30 2534 209 2612 inhaerebit,
235 2537 258 2596 si
273 2535 428 2599 alienatum
443 2537 536 2598 adhue
550 2554 608 2597 noo
623 2544 684 2611 est,
701 2545 842 2611 suturam,
859 2553 895 2595 au
911 2531 1026 2594 fibulam

29 2618 167 2697 postulet.
204 2619 250 2680 Ex
274 2620 378 2699 quibus
400 2631 499 2682 neutra
522 2630 588 2682 aute
608 2619 695 2682 debet
710 2621 833 2700 imponi,
855 2637 938 2699 quam
953 2617 1026 2677 latus

32 2704 135 2764 vulnus
156 2713 307 2782 purgatum
327 2715 389 2774 est;
410 2724 445 2766 ne
468 2706 535 2786 quid
554 2705 593 2765 ibi
618 2706 748 2766 concreti
769 2705 916 2782 sanguinis
939 2701 1026 2761 reliu-

6 2795 142 2866 equatur.
164 2787 196 2848 ld
211 2790 286 2850 enim
300 2798 329 2849 ει
345 2791 373 2849 iu
389 2808 442 2868 pus
456 2792 593 2866 vertitur,
610 2798 639 2850 et
653 2789 902 2850 inflammationem
917 2793 1025 2853 movet,
1054 2821 1056 2824 -

33 2880 63 2930 et
78 2870 210 2948 glutinari
225 2873 328 2934 vulnus
345 2874 490 2952 probibet.
527 2873 573 2936 Ne
594 2874 776 2934 linamentum
792 2871 923 2950 quidem,
949 2866 1025 2946 quod

34 2956 227 3033 supprimendi
251 2959 398 3036 sanguinis
424 2975 511 3020 eausa
531 2958 649 3020 inditum
667 2967 731 3034 εει,
755 2956 794 3016 ibi
809 2951 1026 3032 relinquendum

35 3048 94 3100 est:
117 3058 179 3101 nam
200 3041 228 3100 id
249 3059 365 3120 quoque
384 3042 547 3104 inflammat.
585 3039 799 3120 Comprehendi
823 3054 893 3097 vero
917 3045 1025 3116 satura,

36 3123 83 3182 vel
106 3123 207 3198 libolo,
229 3143 288 3186 non
312 3136 407 3188 nutem
427 3136 551 3203 tautum,
576 3126 629 3187 sed
646 3123 753 3204 aliquid
770 3125 855 3193 etiam
870 3140 910 3181 ex
926 3137 1025 3194 earne,

6 3206 83 3267 nubi
106 3207 213 3268 suberit
235 3209 325 3287 haee,
349 3210 512 3289 oportebit;
535 3227 593 3288 quo
616 3208 758 3270 valentius
773 3207 908 3282 haereat,
930 3222 1026 3284 neque

38 3299 126 3350 eutem
147 3292 307 3370 abrumpat.
347 3295 478 3374 Utraque
501 3295 607 3372 optima
629 3301 734 3353 estex
755 3293 820 3353 aeia
842 3289 939 3365 molli,
967 3305 1028 3350 noa

38 3376 116 3434 nimis
130 3385 219 3453 torta,
237 3379 405 3454 quomitius
422 3378 542 3457 corpori
558 3376 668 3436 insidat.
691 3375 821 3455 Utraque
836 3374 1026 3452 aequanimis

39 3476 115 3534 rara,
135 3478 228 3539 neque
245 3463 327 3520 nimis
344 3461 446 3522 erebra
459 3461 625 3536 injicienda.
660 3461 691 3520 Si
705 3462 787 3520 nimis
802 3475 866 3518 rara
884 3466 944 3532 est,
968 3471 1026 3514 non
