2372 3892
382 201 514 251 unua.
536 202 688 253 chaun.
963 171 1020 256 241

32 355 154 439 piperis
175 371 203 434 p.
225 357 281 436 )·(.
304 375 330 416 a.
352 356 432 417 croci
452 374 481 435 p.
502 359 558 437 )·(.
581 355 631 422 Ξ.
656 356 809 432 myrrhae,
839 357 913 433 misy
936 359 1023 436 cocti,

32 440 218 518 singulorum
233 458 260 518 p.
278 441 332 518 )·(.
346 453 368 500 t.
386 442 463 500 aeris
478 440 618 500 combusti
632 459 662 520 p.
677 441 732 520 )·(.
748 453 785 500 11.
810 440 890 501 llaec
906 459 943 502 eu
957 445 1024 502 vinu

34 533 188 586 teruntur:
212 523 315 584 deinde
336 523 383 583 uhi
406 527 586 599 inaruerunt,
602 525 772 602 adjiciuntur
794 526 871 602 passi
893 526 1024 586 heminae

34 619 116 683 tres,
148 617 177 667 et
200 607 282 666 simul
308 609 512 687 incoquuntur:
537 626 620 686 quum
646 609 779 668 utendum
805 617 865 684 cst,
892 609 1024 684 adjicitur

15 693 82 755 shis
106 689 168 750 mel
194 699 222 750 et
251 693 356 750 vinum.
399 691 452 751 list
484 693 568 751 etiam
595 691 753 752 Ptolemaei
778 691 1022 768 medicamentum,

37 775 116 854 qnod
138 773 227 834 hahet
247 775 361 834 lentisci
381 794 409 853 p.
425 777 481 854 )·(.
504 794 529 834 z.
551 775 647 852 gallae
671 794 698 854 p.
713 777 769 855 )·(.
786 794 810 834 u.
834 776 976 852 omphacii
993 794 1022 853 p.

37 858 93 938 )·(.
109 872 133 918 1.
160 876 276 917 succum
298 860 393 937 punici
415 860 491 919 mali.
529 859 583 918 list
597 859 760 938 Menophili
779 859 901 918 validum
925 859 1022 918 admo·

38 943 121 1018 dum,
147 941 224 1019 quod
246 959 283 1002 ex
303 943 346 1002 his
367 952 497 1003 constat:
521 944 631 1022 piperis
645 944 724 1020 longi
740 959 768 1020 p.
786 943 841 1021 )·(.
857 956 879 1000 1.
898 943 1023 1002 castorei

37 1045 66 1106 p.
80 1027 136 1105 )·(.
150 1039 187 1084 11.
200 1025 350 1100 myrrhae,
369 1028 466 1101 croci,
484 1029 637 1106 papaveris
650 1027 800 1101 lacrimae,
816 1025 895 1086 nardi
906 1027 1023 1101 syriaci,

11 1114 123 1188 tuturis,
148 1109 304 1185 malicorii,
326 1127 364 1170 ex
381 1112 518 1188 aegyptia
538 1110 604 1170 laha
626 1112 716 1188 partis
736 1110 896 1185 interioris,
923 1127 1023 1170 nucum

38 1211 212 1269 amararum,
233 1193 329 1254 mellis
351 1211 434 1272 quam
457 1196 570 1272 optimi,
589 1194 766 1270 singulorum
782 1212 811 1271 p.
826 1193 882 1271 )·(.
899 1207 945 1252 tv.
963 1195 1023 1271 qni·

40 1277 108 1354 hus,
126 1276 192 1336 dum
204 1285 348 1353 teruntur,
367 1279 499 1354 adjicitur
509 1285 619 1338 acetum
632 1296 716 1356 quam
728 1279 912 1353 acerrimum,
930 1276 1024 1337 donec

40 1361 201 1420 crassitudo
215 1361 243 1419 in
255 1360 299 1421 his
311 1363 389 1440 passi
402 1363 459 1421 liat.
481 1359 534 1420 Est
546 1359 696 1421 Cratonis:
713 1362 897 1436 cinnamomi,
915 1363 1023 1438 ousiae,

41 1439 217 1521 singulorum
246 1461 274 1522 p.
296 1447 351 1525 )·(.
374 1463 400 1510 n.
428 1445 511 1520 lycii,
543 1445 639 1521 nardi,
667 1445 817 1520 myrrhae,
839 1445 1023 1523 singulorum

10 1549 33 1590 rs
44 1545 70 1606 p.
85 1529 141 1607 )·(.
159 1543 182 1588 1.
199 1528 281 1588 aloes
296 1547 323 1607 p.
340 1530 397 1608 )·(.
414 1543 449 1588 11.
471 1528 564 1587 mellis
585 1527 680 1604 cyathi
695 1537 771 1603 tres,
792 1527 849 1587 vini
865 1528 1023 1586 sextarius:
1095 1543 1099 1549 ·

42 1629 77 1670 ex
97 1612 203 1690 quihus
223 1612 327 1686 lycium
348 1631 410 1674 cum
430 1614 497 1671 uino
513 1613 699 1690 decoquitur,
723 1611 826 1670 deinde
841 1610 885 1670 his
904 1611 958 1670 alia
974 1611 1023 1668 mi·

40 1704 163 1754 scantur.
200 1695 238 1754 Αι
254 1697 278 1754 si
292 1697 408 1757 multum
425 1697 519 1774 paris,
542 1695 691 1773 malusque
708 1695 781 1755 odor
797 1702 857 1770 est,
879 1695 1024 1771 aeruginis

42 1795 145 1855 rasae,
162 1781 253 1855 turis,
273 1778 449 1856 singulorum
465 1797 493 1858 p.
511 1781 568 1859 )·(.
583 1793 621 1838 11.
639 1779 732 1838 mellis
748 1777 842 1854 cyathi
859 1777 932 1854 duo,
949 1778 1025 1837 aceti

43 1873 162 1940 quatmr
184 1863 268 1922 simul
288 1865 493 1940 insequuntur:
520 1864 566 1923 ubi
588 1862 721 1922 utendum
744 1872 803 1937 est,
825 1861 910 1921 dulce
931 1863 1026 1920 viuum

13 1947 185 2006 umiscetur.
209 1946 267 2005 Ant
282 1947 410 2006 aluminis
423 1948 559 2025 scissilis,
576 1949 730 2026 papaueris
742 1946 893 2021 lacrimae,
908 1947 1025 2006 acaciae

44 2031 119 2088 succi
134 2047 189 2108 par
205 2029 316 2107 pondus
332 2032 486 2106 miscetur,
503 2031 607 2109 hisque
623 2030 756 2105 adjicitur
766 2029 933 2104 hyoscyami
946 2030 1026 2088 succi

44 2111 153 2172 dimidio
176 2115 286 2189 minor,
311 2131 393 2192 quam
409 2115 490 2173 nnius
507 2112 772 2190 exsuperioribus,
797 2113 907 2189 portio;
933 2127 1025 2189 eaque

44 2197 105 2255 tritu
125 2215 163 2256 ex
185 2199 252 2257 vino
275 2198 427 2258 diluuntur.
464 2198 520 2257 Per
541 2215 574 2257 se
595 2213 711 2275 qnoque
732 2195 899 2270 hyoscyami
921 2211 1025 2254 succum

45 2281 111 2338 sucis
124 2281 249 2358 prolicit.

16 2381 39 2422 ss
104 2363 132 2424 3.
163 2363 322 2425 Commune
345 2381 417 2424 uero
434 2365 568 2424 auxilium
584 2364 722 2424 aduersus
738 2379 837 2421 omnes
855 2360 962 2420 aurium
978 2377 1025 2420 ca·

48 2461 107 2523 sus,
124 2449 244 2526 jamque
265 2467 318 2508 usn
339 2447 554 2527 comprohatum
576 2445 770 2524 Asclepiades
790 2445 960 2521 composuit.
994 2443 1025 2504 ln

48 2545 80 2586 eo
95 2543 157 2591 sunt
176 2535 362 2609 cinnamomi,
381 2534 493 2607 casiae,
509 2531 686 2608 singulorum
698 2547 727 2608 p.
746 2529 802 2607 )·(.
815 2543 838 2588 1.
856 2528 935 2589 lluris
947 2528 1026 2604 junci

46 2615 168 2691 rotundi,
194 2619 333 2692 castorei,
356 2616 414 2677 alhi
429 2617 557 2695 piperis,
581 2615 677 2690 longi,
698 2615 816 2686 amomi,
838 2611 1026 2688 myrobalani,

47 2696 220 2772 singulorum
237 2717 266 2778 p.
283 2701 340 2779 )·(.
356 2714 392 2760 11.
410 2702 480 2759 turis
495 2699 631 2774 masculi,
652 2697 732 2757 nardi
747 2697 869 2772 syriaci,
894 2695 1027 2778 myrrhae

20 2778 170 2859 tupinguis,
194 2786 291 2860 croci,
312 2800 430 2862 spumae
452 2785 534 2857 nitri,
559 2781 736 2858 singulorum
760 2799 788 2859 p.
804 2780 858 2860 )·(.
882 2793 931 2839 111.
953 2795 1026 2856 quae

49 2869 197 2940 separaum
224 2869 364 2940 contrita,
395 2884 493 2926 rursus
519 2867 624 2941 mixta,
653 2881 690 2924 cx
715 2873 800 2923 aceto
827 2870 1025 2925 communium

49 2951 129 3022 atque
144 2952 181 3010 ita
198 2951 329 3027 condita,
350 2951 399 3010 uhi
413 2951 547 3010 utendum
561 2959 622 3024 est,
643 2956 728 3009 acuto
752 2946 902 3005 diluuntur.
943 2941 1026 3014 Quod

50 3028 73 3085 si
94 3038 122 3089 et
136 3037 231 3094 sanies
246 3036 379 3115 proiluit,
402 3043 542 3094 etlumen
558 3042 620 3106 est,
642 3047 700 3090 non
716 3028 837 3088 alienum
852 3035 912 3102 cst,
937 3027 1025 3086 mixto

51 3112 110 3172 rino
130 3133 183 3194 par
204 3120 387 3179 oricularium
411 3118 567 3192 clysterem
593 3115 709 3180 eluere;
738 3120 767 3172 et
795 3121 852 3170 tum
877 3110 1026 3171 infundere

23 3193 137 3256 hunum
159 3212 303 3262 austerum
329 3221 391 3262 cnm
416 3219 482 3261 rosa
509 3202 642 3272 mixtum,
673 3195 718 3255 cui
740 3195 833 3272 spodii
855 3195 968 3272 paulum
990 3194 1027 3252 sit

52 3276 201 3363 thomum,
220 3295 267 3346 aut
283 3289 387 3361 rycinm
404 3303 466 3346 cum
481 3284 573 3356 lacte,
589 3290 637 3341 ant
651 3278 759 3339 herbae
775 3278 948 3355 sanguinalis
963 3295 1025 3336 suc·

53 3373 186 3432 cumeum
201 3387 284 3448 rosa,
299 3379 347 3432 aas
362 3367 428 3429 mali
443 3368 538 3448 punici
557 3382 675 3426 succum
691 3379 754 3423 cnm
775 3365 878 3440 exigua
894 3360 1027 3436 myrrhae

53 3454 136 3516 purte.

90 3548 189 3595 cassus.
752 3530 789 3592 16
