2396 3904
153 199 215 263 342
427 212 460 260 ε.
475 211 505 262 e.
521 211 621 262 catur
637 209 832 260 nannenten

152 375 209 426 tent
227 364 411 427 adducendae
425 375 484 426 att:
499 383 544 446 ac,
560 367 585 426 ai
597 367 622 426 ia
632 367 751 427 inferior
762 375 821 443 εει,
837 383 895 426 non
909 363 951 442 id,
969 363 1048 444 quod
1087 381 1124 441 pe

152 457 233 509 ctare
259 458 321 528 eat,
347 450 561 530 deprimendum
576 459 637 526 εει,
664 453 730 528 quia
754 449 899 510 immobile
925 458 995 526 εει,
1026 447 1075 508 aed
1089 447 1126 506 la·
1180 481 1181 504 r

150 551 247 594 merua
261 535 326 613 ipae
340 533 514 595 attollendus
529 533 654 614 <luido
669 537 717 611 14,
731 535 862 613 medio):
883 535 907 592 ai
924 551 1002 593 casu
1014 533 1128 611 superior

151 627 211 693 eat,
227 617 268 695 ld,
287 619 363 698 quod
381 635 397 678 a
413 627 534 697 pectore
549 628 608 695 εει,
627 618 801 696 implendum
815 618 896 693 lana,
912 626 945 677 ει
958 613 1128 676 humernaad

151 709 254 781 pectus
269 701 438 779 deligandus
454 711 508 761 εει.
535 703 565 762 Si
579 711 662 762 acuta
683 701 842 778 lragmenta
857 709 940 776 aunt,
966 700 1058 762 incidi
1078 713 1144 756 con-t

150 794 194 844 tra
211 787 285 844 cutia
310 785 398 846 debet
420 785 516 864 (Paul.
537 785 612 862 Aeg.
632 784 683 860 Vl,
703 786 753 860 93,
769 785 815 845 ed.
835 784 953 862 Briau);
979 803 1020 843 ex
1035 780 1130 842 ossilat

151 885 203 944 aa,
220 885 295 946 quae
319 885 435 929 carnem
460 869 625 944 vulnerant,
647 869 854 947 praecidenda;
879 877 938 927 tum
961 876 1063 927 retusa
1079 880 1131 925 ossa

151 953 351 1012 committenda
370 962 449 1020 aunt:
467 954 490 1011 ai
507 951 584 1030 qnod
600 952 636 1010 ab
648 953 743 1030 aliqua
757 960 839 1030 parta
854 953 977 1027 eminet,
997 965 1131 1030 opponet

151 1034 214 1093 dum
229 1037 256 1094 ei
271 1036 378 1114 triplex
393 1035 539 1095 linteolum
552 1044 607 1111 εει,
621 1036 650 1094 in
665 1037 732 1094 vino
747 1045 776 1095 et
788 1036 857 1095 oleo
871 1035 1009 1094 tinctum.
1029 1032 1130 1111 Siplun

150 1117 309 1192 fragmenta
325 1128 403 1195 aunt,
420 1118 593 1198 excipienda
613 1128 677 1179 eant
696 1137 734 1178 ex
752 1119 846 1178 ferula
865 1119 946 1177 lacto
970 1115 1152 1188 canaliculopr

150 1198 311 1277 eodemque
327 1203 401 1260 intua
415 1204 554 1279 incenato,
575 1221 612 1261 ne
627 1202 717 1262 lancia
740 1203 899 1262 diducatur.
933 1200 1025 1274 Quae
1042 1197 1132 1276 jugulo

150 1287 312 1361 composito
330 1285 529 1346 circumdanda
551 1294 596 1346 εει
616 1288 732 1363 saepius
750 1287 845 1364 potina
873 1303 962 1362 quam
986 1285 1132 1344 valentina:

150 1365 226 1443 qnod
252 1368 344 1446 ipsum
371 1386 487 1448 quoque
512 1373 539 1428 in
560 1369 690 1430 omnibus
712 1370 827 1429 ossibus
843 1369 945 1428 fractis
973 1376 1133 1448 perpetuum

149 1458 204 1508 εει.
233 1451 258 1510 Δ
275 1453 376 1512 dextro
393 1470 465 1512 vero
475 1454 597 1529 jugulo,
624 1455 648 1512 ai
663 1453 691 1513 id
706 1454 826 1514 fractum
844 1461 905 1528 εει,
928 1453 967 1513 ud
987 1453 1063 1512 alam
1079 1450 1131 1508 sini·

149 1542 251 1602 atram3
275 1555 291 1596 a
312 1537 428 1596 sinistro
454 1536 491 1596 ad
506 1537 651 1614 dextram,
665 1555 823 1615 rursusque
835 1536 888 1595 sub
902 1535 947 1595 ala
962 1556 1037 1596 sana
1055 1532 1152 1593 lasciua

148 1616 209 1676 dari
228 1619 329 1680 debet:
346 1619 509 1698 posthaec,
526 1621 550 1679 εἰ
561 1620 693 1696 jugulam
706 1618 741 1681 ad
751 1620 886 1700 scapulas
901 1619 1074 1680 inclinatum
1087 1623 1130 1688 εει,

148 1699 296 1763 brachium
314 1704 348 1763 ad
364 1704 453 1772 latus;
469 1706 493 1762 ai
511 1706 538 1762 in
552 1714 660 1782 partem
683 1707 825 1784 priorem,
845 1702 881 1764 ad
902 1707 1057 1762 cervicem
1074 1699 1131 1760 deli·

148 1785 271 1858 gandam
294 1797 354 1847 est:
377 1789 552 1866 supinusque
576 1787 662 1847 homo
686 1788 885 1848 collocandus.
916 1785 1031 1846 Cetera
1046 1783 1130 1844 eaden

148 1867 295 1943 facienda,
318 1889 393 1947 quae
410 1889 495 1949 supra
512 1871 722 1948 comprehensa
739 1881 813 1930 sunt.

209 1951 239 2010 2.
261 1955 331 2012 Sunt
342 1971 414 2013 vero
428 1955 510 2032 plura
523 1972 591 2014 oasa
604 1955 840 2031 iereimmolrilia,
855 1953 904 2014 vel
914 1953 997 2028 dura,
1017 1952 1067 2010 vel
1080 1963 1149 2008 cara

148 2036 313 2113 tilaginoaa,
328 2055 401 2114 quae
416 2037 464 2096 vel
480 2038 658 2116 franguntur,
672 2039 719 2099 vel
734 2039 874 2114 forantur,
892 2036 941 2096 vel
956 2037 1127 2105 colliduntur,

147 2121 196 2181 vel
209 2121 364 2188 linduntur;
381 2130 410 2179 ut
423 2121 526 2196 malae,
542 2131 656 2200 pectus,
670 2122 755 2182 latum
770 2139 804 2181 oa
814 2121 1012 2200 scapularum,
1029 2126 1127 2189 costae,

147 2205 240 2281 spina,
259 2221 394 2264 coxarum
410 2220 461 2278 os,
481 2204 542 2280 tali,
558 2205 634 2279 culn,
651 2223 761 2279 munus,
777 2205 873 2283 planta
887 2204 942 2283 (ci.
957 2207 990 2280 7,
1008 2223 1038 2282 p.
1053 2199 1126 2274 341).

146 2288 253 2347 llorum
269 2287 391 2346 omnium
407 2287 509 2347 eadem
525 2290 634 2347 curatio
651 2297 706 2348 εει.
737 2290 768 2348 Si
792 2305 879 2366 supra
898 2287 1005 2346 vulnus
1029 2294 1089 2356 εει,
1106 2280 1127 2340 id

147 2373 207 2430 sois
227 2371 442 2440 medicamentis
472 2371 649 2430 nutriendum
672 2381 732 2432 eat:
763 2389 820 2449 qao
844 2369 1146 2445 concamaratione

148 2470 264 2531 quoque
280 2455 372 2531 casis,
399 2462 463 2530 aot,
479 2452 516 2513 ¹si
529 2453 605 2532 quod
619 2454 750 2514 foramen
768 2463 831 2530 εει,
856 2453 947 2512 εεΙΙεε
962 2453 1076 2532 implet.
1102 2448 1126 2506 Si

147 2539 220 2592 cutis
242 2539 356 2611 integra
376 2545 436 2609 est,
458 2546 488 2597 et
509 2555 543 2596 os
565 2537 674 2598 laeuum
692 2557 759 2598 ease
781 2555 818 2597 ex
842 2536 944 2596 dolore
960 2536 1125 2612 colligimus,

146 2617 214 2676 nihil
244 2618 333 2693 aliud,
361 2635 443 2695 qnam
464 2620 683 2697 quiescendum
723 2620 986 2700 imponendumque
1011 2625 1124 2680 ceratum

147 2709 201 2777 εει,
218 2709 247 2760 ει
262 2701 364 2760 leniter
376 2700 570 2780 deligandum,
583 2703 677 2764 donec
692 2707 814 2765 uanitate
827 2703 902 2764 ossis
917 2702 1122 2765 dolorliniatur.

495 2939 677 3002 CAPUT
709 2941 777 3002 IX.
860 2930 864 2935 ’
1060 2969 1065 2980 ·
1126 2948 1181 3024 ιιι

521 3056 557 3117 De
572 3058 648 3106 costis
663 3057 759 3108 fractis.

207 3201 233 3258 l.
257 3202 377 3280 Proprie
392 3209 486 3267 tamen
502 3207 640 3286 quaedam
655 3208 692 3267 de
711 3217 792 3268 costa
812 3205 934 3268 dicenda
957 3217 1035 3278 anunt;
1065 3203 1117 3283 qaia

139 3286 222 3360 juxta
237 3285 355 3344 viscera·
369 3298 430 3362 εει,
451 3291 690 3369 gravioribusque
705 3291 845 3370 periculis
865 3293 890 3350 ia
913 3291 998 3350 locus
1015 3285 1116 3367 exposi-

143 3378 188 3429 tus
202 3375 256 3430 εει.
284 3366 365 3427 llaec
380 3387 494 3449 quoqne
510 3375 598 3450 igitur
611 3374 751 3435 interdum
768 3378 810 3434 sic
822 3375 946 3450 finditur,
960 3385 991 3434 ut
1006 3393 1041 3433 ne
1056 3387 1115 3430 aum·
1179 3370 1180 3409 l

142 3469 216 3510 munt
235 3450 349 3529 quidum
368 3468 417 3528 os,
436 3455 487 3514 sed
502 3459 621 3518 interior
638 3477 705 3537 pars
721 3461 803 3538 ejus,
827 3477 901 3538 quae
917 3475 983 3520 rara
999 3465 1054 3535 est,
1069 3455 1139 3514 lte-³⁵
