2372 3892
425 188 558 239 mn.v1.
581 189 656 238 oar.
674 191 733 240 vn.
1008 180 1070 242 243

76 341 186 406 eedem
199 342 284 402 modo
301 341 360 402 elui
373 360 470 404 eurem
484 344 657 422 purgarique
673 353 798 422 oportet.
827 346 951 421 Quodsi
967 347 1070 423 capitis

74 428 210 504 gravitas
222 435 333 504 manet,
355 427 556 488 attondendum
571 427 662 503 idem,
685 438 713 488 et
729 429 848 504 leniter,
874 428 925 488 sed
941 429 988 488 diu
1005 448 1068 507 per·

74 510 239 572 fricandam
261 519 322 587 εει,
348 511 463 586 adjecto
487 511 535 570 vel
556 512 628 570 irino
650 512 697 572 vel
721 513 820 572 laureo
844 513 929 587 oleo,
953 514 1013 589 sic,
1040 522 1070 572 ut

73 593 210 654 utrilibet
224 595 338 672 paulum
353 597 429 654 aceti
445 596 614 664 misceatur;
636 605 692 654 tum
707 596 754 656 diu
769 596 981 672 ambulandum,
998 597 1068 656 leni·

31 699 56 738 5
74 686 184 755 terque
209 688 274 755 post
294 680 457 738 unctionem
479 697 552 755 aqua
574 679 666 738 calida
688 689 774 758 ceput
792 680 959 748 fovendum;
983 680 1068 740 cibis·

73 779 139 840 que
163 762 299 822 utendum
318 781 355 822 ex
369 761 595 822 imbecillissima
612 771 640 822 et
656 764 747 823 media
763 766 897 832 materie;
920 765 1068 840 magisque

74 845 270 905 assumendae
290 845 396 906 dilutae
422 849 571 924 potionem
600 864 808 926 nonnumquam
830 847 1069 924 gargarizandum

74 938 138 988 est.
172 927 381 990 Infundendum
403 940 497 990 autem
519 933 547 990 in
570 947 666 990 aurem
682 941 844 992 castoreum
862 949 923 991 cnm
940 940 1025 990 aceto
1041 939 1069 990 ει

73 1013 182 1072 laureo
199 1012 266 1072 oleo
284 1023 311 1072 et
327 1031 415 1074 succo
431 1014 576 1074 radiculae
594 1017 727 1082 corticis;
744 1023 791 1074 aut
809 1016 969 1074 cucumeris
985 1032 1067 1089 egre·

19 1113 59 1158 xo
76 1097 134 1156 stis
159 1113 278 1172 succus,
300 1097 421 1173 adJectis
444 1099 572 1156 contritis
590 1115 676 1157 rosae
691 1099 778 1158 iuliis.
816 1098 982 1158 Immaturae
999 1113 1068 1173 quo·

73 1198 140 1257 que
162 1197 235 1238 uvae
258 1199 363 1240 succus
390 1199 451 1240 cum
472 1198 538 1242 rosa
562 1182 713 1242 instillatus
740 1182 879 1243 adversus
906 1180 1069 1240 surditatem

72 1263 153 1324 satis
167 1264 290 1342 prolicit.

144 1347 173 1408 8.
201 1347 286 1406 Aliud
308 1349 367 1408 vitii
388 1366 481 1425 genus
498 1359 557 1425 est,
579 1349 627 1410 ubi
641 1368 726 1409 aures
741 1351 812 1410 intra
825 1350 943 1426 seipsas
958 1357 1071 1411 sonant:

71 1438 169 1506 atque
194 1431 251 1490 lroc
267 1450 382 1510 quoque
399 1434 444 1508 lit,
462 1452 498 1493 ne
515 1443 662 1493 externum
678 1451 777 1492 sonum
793 1435 944 1509 accipiant.
972 1431 1069 1492 beris·

21 1535 58 1576 εε
75 1515 183 1574 simron
207 1523 269 1589 est,
291 1515 339 1574 ubi
362 1515 391 1575 id
410 1535 447 1576 ex
460 1517 618 1594 gravedine
634 1526 692 1576 est:
715 1518 814 1594 pejus,
839 1516 888 1575 ubi
906 1535 942 1574 ex
958 1515 1069 1590 morbo,

76 1598 228 1675 capitisve
249 1599 345 1674 longis
371 1597 520 1659 doloribus
543 1600 655 1666 incidit;
691 1601 843 1678 pessimum
870 1598 935 1674 ubi,
961 1599 1070 1674 magnis

72 1681 191 1764 morbis
212 1682 409 1758 venientibus,
433 1687 613 1762 maximeque
636 1683 786 1759 comitiali,
804 1683 947 1760 provenit.
984 1683 1015 1740 Si
1033 1698 1070 1739 ex

72 1765 240 1842 gravedine
259 1775 316 1842 est,
333 1784 458 1844 purgare
471 1785 567 1826 aurem
581 1776 712 1845 oportet,
730 1776 759 1826 et
770 1769 897 1844 spiritum
911 1766 1068 1837 continere,

72 1849 177 1908 donec
192 1848 255 1908 iude
273 1849 372 1910 humor
390 1851 493 1927 aliquis
510 1859 668 1928 exspumat.
692 1851 722 1908 Si
739 1869 776 1910 ex
791 1850 892 1909 morbo
907 1849 953 1908 vel
966 1847 1069 1926 capitis

24 1951 60 1992 20
75 1932 203 2005 dolore,
230 1934 305 2009 quod
330 1934 364 1993 ad
389 1936 640 2010 exercitationem,
662 1934 838 2009 frictionem,
863 1933 1068 2012 perfusionem,

72 2017 401 2094 gargarizationemque
428 2020 568 2096 pertinet,
601 2017 701 2077 eadem
725 2017 856 2078 iacienda
885 2026 963 2076 snut:
998 2013 1070 2074 cibis

73 2117 140 2162 non
161 2099 294 2158 utendum
318 2102 371 2160 nisi
386 2101 620 2168 extenuantibus;
642 2102 670 2158 in
685 2118 782 2160 aurem
799 2100 906 2160 dandus
923 2097 1068 2158 radiculae

74 2201 189 2244 succus
211 2202 274 2242 cum
289 2202 372 2258 rosa,
396 2184 444 2244 vel
460 2203 522 2244 cum
538 2201 626 2243 succo
642 2184 745 2243 radicis
761 2202 799 2244 ex
814 2199 967 2244 cucumere
984 2199 1068 2256 agre-

75 2267 134 2327 sti:
154 2265 200 2324 vel
217 2276 378 2326 castoreum
394 2287 456 2328 cum
471 2277 555 2328 aceto
572 2276 601 2326 et
616 2267 716 2326 laureo
733 2267 810 2326 oleo.
832 2268 983 2327 Veratrum
998 2279 1068 2341 quo·

26 2371 61 2410 25
77 2369 143 2429 que
165 2369 200 2409 ex
224 2361 308 2412 aceto
329 2354 500 2426 conteritur,
526 2351 628 2412 deinde
649 2349 736 2410 melle
758 2360 843 2411 cocto
859 2349 1017 2426 excipitur,
1040 2353 1070 2404 et

74 2433 151 2494 inde
166 2434 315 2508 collyrium
329 2435 436 2495 fectum
450 2437 476 2493 in
489 2451 585 2494 aurem
598 2435 761 2496 demittitur.
785 2435 814 2494 si
828 2436 889 2494 sine
902 2433 947 2492 his
959 2430 1068 2507 coepit,

74 2517 208 2594 ideoque
230 2535 307 2578 novo
329 2528 404 2577 metu
427 2527 532 2592 terret,
556 2518 584 2576 in
606 2535 702 2576 aurern
722 2517 782 2576 dari
803 2516 890 2576 debet
907 2524 1068 2575 castoreum

76 2619 149 2660 cnm
173 2610 276 2677 aceto,
303 2603 351 2662 vel
371 2603 461 2676 irino,
488 2610 535 2660 εει
556 2601 655 2660 laureo
678 2600 759 2669 oleo;
792 2609 839 2660 aut
863 2601 929 2660 buic
954 2599 1069 2658 mixtum

75 2692 246 2766 castoreum
263 2704 325 2744 com
342 2701 429 2744 succo
441 2703 542 2744 nucum
555 2701 725 2752 amararum
743 2695 789 2745 aut
801 2683 915 2759 myrrha
927 2692 956 2742 et
967 2683 1068 2741 nitrum

29 2791 62 2832 ao
77 2785 150 2828 cum
163 2772 229 2828 rosa
244 2777 274 2828 et
288 2778 381 2828 aceto.
412 2768 480 2828 Plus
494 2778 588 2828 temen
602 2769 630 2828 in
646 2769 703 2828 boc
717 2786 832 2848 quoque
847 2767 962 2845 proicit
977 2767 1068 2824 victus

76 2850 173 2911 ratio:
204 2851 360 2930 eademque
384 2851 515 2911 iacienda
541 2861 620 2927 sunt,
648 2869 721 2928 quae
741 2869 828 2931 supra
851 2845 1068 2926 comprehendi,

77 2935 150 2994 cum
164 2936 273 3010 majore
290 2953 405 3013 quoque
421 2934 582 3011 diligentia;
602 2944 630 2994 et
645 2939 815 3013 praeterea,
831 2933 925 2992 donec
939 2933 963 2989 is
980 2945 1068 2988 sonus

77 3019 214 3092 finiatur,
237 3037 252 3078 a
274 3022 340 3078 vino
364 3018 569 3079 abstinendum.
607 3017 734 3093 Quodsi
756 3015 837 3076 simul
859 3023 888 3074 et
909 3030 997 3074 sonus
1013 3018 1067 3086 est,

77 3111 112 3162 et
135 3101 335 3178 inllammatio,
358 3102 486 3162 laureum
507 3101 603 3160 oleum
624 3101 788 3175 conjecisse
807 3098 919 3159 abunde
940 3106 1000 3173 est,
1021 3103 1069 3156 aut

34 3211 65 3252 aa
78 3185 128 3261 id,
153 3185 230 3261 quod
251 3205 289 3246 ex
307 3189 410 3246 ameris
425 3185 544 3245 nucibus
565 3186 745 3263 exprimitur.;
768 3182 871 3262 quibus
892 3182 1005 3259 quidam
1020 3178 1068 3238 vel

80 3278 267 3343 castoreum,
283 3270 330 3328 uel
347 3269 488 3344 myrrham
498 3269 632 3327 miscent.

150 3353 178 3413 9.
209 3352 291 3412 Solet
314 3354 398 3414 etiam
419 3351 556 3412 interdum
579 3352 725 3410 inaurem
746 3349 851 3428 aliquid
873 3349 1015 3419 incidere,
1039 3355 1069 3404 ut

78 3435 231 3513 calculus,
254 3436 408 3516 aliquodve
425 3435 535 3496 animal.
572 3435 603 3494 si
620 3435 706 3514 pulex
723 3436 871 3577 intuslgsp,
893 3429 1067 3510 compellen-
