<?xml version="1.0" encoding="UTF-8"?>
<!DOCTYPE html PUBLIC "-//W3C//DTD XHTML 1.0 Transitional//EN"
    "http://www.w3.org/TR/xhtml1/DTD/xhtml1-transitional.dtd">
<html xmlns="http://www.w3.org/1999/xhtml" xml:lang="en" lang="en">
 <head>
  <title>
</title>
<meta http-equiv="Content-Type" content="text/html;charset=utf-8" />
  <meta name='ocr-system' content='tesseract 3.04.00' />
  <meta name='ocr-capabilities' content='ocr_page ocr_carea ocr_par ocr_line ocrx_word'/>
</head>
<body>
  <div class='ocr_page' id='page_1' title='image "./demedicinalibri00daregoog_0388.png"; bbox 0 0 2396 3904; ppageno 0'>
   <div class='ocr_carea' id='block_1_1' title="bbox 177 207 872 272">
    <p class='ocr_par' dir='ltr' id='par_1_1' title="bbox 177 207 872 272">
     <span class='ocr_line' id='line_1_1' title="bbox 177 207 872 272; baseline -0.012 0"><span class='ocrx_word' id='word_1_1' title='bbox 177 207 238 272; x_wconf 78' lang='grc'><strong>336</strong></span> <span class='ocrx_word' id='word_1_2' title='bbox 469 219 503 266; x_wconf 76' lang='grc' dir='ltr'><strong>Δ.</strong></span> <span class='ocrx_word' id='word_1_3' title='bbox 519 215 872 267; x_wconf 68' lang='lat' dir='ltr'><strong>concamerata</strong></span> 
     </span>
    </p>
   </div>
   <div class='ocr_carea' id='block_1_2' title="bbox 172 368 1157 2209">
    <p class='ocr_par' dir='ltr' id='par_1_2' title="bbox 172 368 1157 2209">
     <span class='ocr_line' id='line_1_2' title="bbox 175 368 1138 449; baseline -0.008 -12"><span class='ocrx_word' id='word_1_4' title='bbox 175 377 316 438; x_wconf 82' lang='lat' dir='ltr'><strong>minimum</strong></span> <span class='ocrx_word' id='word_1_5' title='bbox 332 391 369 434; x_wconf 88' lang='lat' dir='ltr'><strong>ox</strong></span> <span class='ocrx_word' id='word_1_6' title='bbox 385 389 452 433; x_wconf 87' lang='lat' dir='ltr'><strong>osse</strong></span> <span class='ocrx_word' id='word_1_7' title='bbox 468 371 605 432; x_wconf 82' lang='lat' dir='ltr'><strong>dematur.</strong></span> <span class='ocrx_word' id='word_1_8' title='bbox 637 371 733 449; x_wconf 76' lang='lat' dir='ltr'><strong>Ergo,</strong></span> <span class='ocrx_word' id='word_1_9' title='bbox 750 373 774 430; x_wconf 87' lang='lat' dir='ltr'><strong>si</strong></span> <span class='ocrx_word' id='word_1_10' title='bbox 793 388 843 430; x_wconf 91' lang='lat' dir='ltr'><strong>ora</strong></span> <span class='ocrx_word' id='word_1_11' title='bbox 860 369 947 430; x_wconf 88' lang='lat' dir='ltr'><strong>alteri</strong></span> <span class='ocrx_word' id='word_1_12' title='bbox 962 368 1077 443; x_wconf 81' lang='lat' dir='ltr'><strong>insedi,</strong></span> <span class='ocrx_word' id='word_1_13' title='bbox 1090 370 1138 429; x_wconf 83' lang='lat' dir='ltr'><strong>nit</strong></span> 
     </span>
     <span class='ocr_line' id='line_1_3' title="bbox 176 452 1138 537; baseline -0.007 -17"><span class='ocrx_word' id='word_1_14' title='bbox 176 460 276 534; x_wconf 90' lang='lat' dir='ltr'><strong>estid,</strong></span> <span class='ocrx_word' id='word_1_15' title='bbox 297 456 372 537; x_wconf 85' lang='lat' dir='ltr'><strong>quod</strong></span> <span class='ocrx_word' id='word_1_16' title='bbox 395 457 517 532; x_wconf 87' lang='lat' dir='ltr'><strong>eminet,</strong></span> <span class='ocrx_word' id='word_1_17' title='bbox 541 457 629 535; x_wconf 86' lang='lat' dir='ltr'><strong>plano</strong></span> <span class='ocrx_word' id='word_1_18' title='bbox 645 455 761 534; x_wconf 87' lang='lat' dir='ltr'><strong>scalpro</strong></span> <span class='ocrx_word' id='word_1_19' title='bbox 778 455 935 515; x_wconf 79' lang='lat' dir='ltr'><strong>excidere:</strong></span> <span class='ocrx_word' id='word_1_20' title='bbox 968 471 1027 532; x_wconf 88' lang='lat' dir='ltr'><strong>quo</strong></span> <span class='ocrx_word' id='word_1_21' title='bbox 1042 452 1138 528; x_wconf 86' lang='lat' dir='ltr'><strong>sublato,</strong></span> 
     </span>
     <span class='ocr_line' id='line_1_4' title="bbox 172 539 1139 621; baseline -0.007 -18"><span class='ocrx_word' id='word_1_22' title='bbox 172 549 232 621; x_wconf 87' lang='lat' dir='ltr'><strong>jam</strong></span> <span class='ocrx_word' id='word_1_23' title='bbox 248 546 316 602; x_wconf 85' lang='lat' dir='ltr'><strong>rima</strong></span> <span class='ocrx_word' id='word_1_24' title='bbox 333 539 392 601; x_wconf 88' lang='lat' dir='ltr'><strong>hiat</strong></span> <span class='ocrx_word' id='word_1_25' title='bbox 409 550 543 618; x_wconf 83' lang='lat' dir='ltr'><strong>quantuni</strong></span> <span class='ocrx_word' id='word_1_26' title='bbox 560 541 699 600; x_wconf 84' lang='lat' dir='ltr'><strong>curationi</strong></span> <span class='ocrx_word' id='word_1_27' title='bbox 721 540 790 598; x_wconf 87' lang='lat' dir='ltr'><strong>satis</strong></span> <span class='ocrx_word' id='word_1_28' title='bbox 805 548 859 598; x_wconf 88' lang='lat' dir='ltr'><strong>est.</strong></span> <span class='ocrx_word' id='word_1_29' title='bbox 892 539 932 598; x_wconf 82' lang='lat' dir='ltr'><strong>At</strong></span> <span class='ocrx_word' id='word_1_30' title='bbox 957 541 983 597; x_wconf 89' lang='lat' dir='ltr'><strong>si</strong></span> <span class='ocrx_word' id='word_1_31' title='bbox 1007 557 1072 598; x_wconf 88' lang='lat' dir='ltr'><strong>orae</strong></span> <span class='ocrx_word' id='word_1_32' title='bbox 1089 539 1139 596; x_wconf 88' lang='lat' dir='ltr'><strong>intu</strong></span> 
     </span>
     <span class='ocr_line' id='line_1_5' title="bbox 176 623 1139 704; baseline -0.007 -16"><span class='ocrx_word' id='word_1_33' title='bbox 176 647 209 688; x_wconf 90' lang='lat' dir='ltr'><strong>se</strong></span> <span class='ocrx_word' id='word_1_34' title='bbox 226 626 461 704; x_wconf 88' lang='lat' dir='ltr'><strong>comprimuntur,</strong></span> <span class='ocrx_word' id='word_1_35' title='bbox 478 642 494 684; x_wconf 89' lang='lat' dir='ltr'><strong>a</strong></span> <span class='ocrx_word' id='word_1_36' title='bbox 510 623 601 684; x_wconf 88' lang='lat' dir='ltr'><strong>latere</strong></span> <span class='ocrx_word' id='word_1_37' title='bbox 615 625 689 699; x_wconf 89' lang='lat' dir='ltr'><strong>ejus,</strong></span> <span class='ocrx_word' id='word_1_38' title='bbox 707 624 876 701; x_wconf 88' lang='lat' dir='ltr'><strong>interposito</strong></span> <span class='ocrx_word' id='word_1_39' title='bbox 893 623 981 699; x_wconf 85' lang='lat' dir='ltr'><strong>digiti</strong></span> <span class='ocrx_word' id='word_1_40' title='bbox 1000 625 1139 700; x_wconf 84' lang='lat' dir='ltr'><strong>spatio,te</strong></span> 
     </span>
     <span class='ocr_line' id='line_1_6' title="bbox 176 706 1154 785; baseline -0.012 -13"><span class='ocrx_word' id='word_1_41' title='bbox 176 712 261 772; x_wconf 89' lang='lat' dir='ltr'><strong>rebra</strong></span> <span class='ocrx_word' id='word_1_42' title='bbox 279 711 408 770; x_wconf 86' lang='lat' dir='ltr'><strong>loramen</strong></span> <span class='ocrx_word' id='word_1_43' title='bbox 428 707 588 768; x_wconf 87' lang='lat' dir='ltr'><strong>iaciendum</strong></span> <span class='ocrx_word' id='word_1_44' title='bbox 604 717 663 766; x_wconf 89' lang='lat' dir='ltr'><strong>est:</strong></span> <span class='ocrx_word' id='word_1_45' title='bbox 693 707 728 766; x_wconf 89' lang='lat' dir='ltr'><strong>ab</strong></span> <span class='ocrx_word' id='word_1_46' title='bbox 748 725 843 784; x_wconf 85' lang='lat' dir='ltr'><strong>eoque</strong></span> <span class='ocrx_word' id='word_1_47' title='bbox 866 707 993 785; x_wconf 76' lang='lat' dir='ltr'><strong>scalper</strong></span> <span class='ocrx_word' id='word_1_48' title='bbox 1007 706 1106 766; x_wconf 88' lang='lat' dir='ltr'><strong>duabus</strong></span> <span class='ocrx_word' id='word_1_49' title='bbox 1121 706 1154 763; x_wconf 87' lang='lat' dir='ltr'><strong>lit</strong></span> 
     </span>
     <span class='ocr_line' id='line_1_7' title="bbox 177 790 1142 868; baseline -0.011 -12"><span class='ocrx_word' id='word_1_50' title='bbox 177 798 240 856; x_wconf 88' lang='lat' dir='ltr'><strong>neis</strong></span> <span class='ocrx_word' id='word_1_51' title='bbox 259 793 294 854; x_wconf 89' lang='lat' dir='ltr'><strong>ad</strong></span> <span class='ocrx_word' id='word_1_52' title='bbox 317 796 414 852; x_wconf 87' lang='lat' dir='ltr'><strong>rimam</strong></span> <span class='ocrx_word' id='word_1_53' title='bbox 438 791 584 868; x_wconf 78' lang='lat' dir='ltr'><strong>agendus,</strong></span> <span class='ocrx_word' id='word_1_54' title='bbox 606 791 642 850; x_wconf 87' lang='lat' dir='ltr'><strong>ad</strong></span> <span class='ocrx_word' id='word_1_55' title='bbox 658 791 867 850; x_wconf 88' lang='lat' dir='ltr'><strong>similitudinem</strong></span> <span class='ocrx_word' id='word_1_56' title='bbox 882 790 1004 850; x_wconf 86' lang='lat' dir='ltr'><strong>litterae</strong></span> <span class='ocrx_word' id='word_1_57' title='bbox 1021 792 1048 849; x_wconf 89' lang='lat' dir='ltr'>V</span> <span class='ocrx_word' id='word_1_58' title='bbox 1063 792 1112 862; x_wconf 91' lang='lat' dir='ltr'><strong>sic,</strong></span> <span class='ocrx_word' id='word_1_59' title='bbox 1123 796 1142 847; x_wconf 84' lang='lat' dir='ltr'><strong>tt</strong></span> 
     </span>
     <span class='ocr_line' id='line_1_8' title="bbox 176 873 1141 951; baseline -0.01 -11"><span class='ocrx_word' id='word_1_60' title='bbox 176 888 279 940; x_wconf 85' lang='lat' dir='ltr'><strong>vertex</strong></span> <span class='ocrx_word' id='word_1_61' title='bbox 302 877 364 951; x_wconf 89' lang='lat' dir='ltr'><strong>ejus</strong></span> <span class='ocrx_word' id='word_1_62' title='bbox 380 893 394 936; x_wconf 89' lang='lat' dir='ltr'><strong>a</strong></span> <span class='ocrx_word' id='word_1_63' title='bbox 411 875 567 947; x_wconf 79' lang='lat' dir='ltr'><strong>foramine,</strong></span> <span class='ocrx_word' id='word_1_64' title='bbox 585 875 663 934; x_wconf 88' lang='lat' dir='ltr'><strong>basis</strong></span> <span class='ocrx_word' id='word_1_65' title='bbox 680 891 695 932; x_wconf 87' lang='lat' dir='ltr'><strong>a</strong></span> <span class='ocrx_word' id='word_1_66' title='bbox 713 877 783 934; x_wconf 87' lang='lat' dir='ltr'><strong>rima</strong></span> <span class='ocrx_word' id='word_1_67' title='bbox 797 877 844 934; x_wconf 90' lang='lat' dir='ltr'><strong>sit.</strong></span> <span class='ocrx_word' id='word_1_68' title='bbox 876 873 967 948; x_wconf 85' lang='lat' dir='ltr'><strong>Quod</strong></span> <span class='ocrx_word' id='word_1_69' title='bbox 985 876 1010 933; x_wconf 91' lang='lat' dir='ltr'><strong>si</strong></span> <span class='ocrx_word' id='word_1_70' title='bbox 1026 875 1090 933; x_wconf 86' lang='lat' dir='ltr'><strong>rima</strong></span> <span class='ocrx_word' id='word_1_71' title='bbox 1102 874 1141 930; x_wconf 82' lang='lat' dir='ltr'><strong>loa</strong></span> 
     </span>
     <span class='ocr_line' id='line_1_9' title="bbox 176 956 1142 1042; baseline -0.011 -19"><span class='ocrx_word' id='word_1_72' title='bbox 176 967 241 1042; x_wconf 75' lang='lat' dir='ltr'><strong>gius</strong></span> <span class='ocrx_word' id='word_1_73' title='bbox 265 970 359 1041; x_wconf 88' lang='lat' dir='ltr'><strong>patet,</strong></span> <span class='ocrx_word' id='word_1_74' title='bbox 381 959 418 1019; x_wconf 87' lang='lat' dir='ltr'><strong>ab</strong></span> <span class='ocrx_word' id='word_1_75' title='bbox 439 959 532 1018; x_wconf 87' lang='lat' dir='ltr'><strong>altero</strong></span> <span class='ocrx_word' id='word_1_76' title='bbox 548 957 688 1018; x_wconf 80' lang='lat' dir='ltr'><strong>foramine</strong></span> <span class='ocrx_word' id='word_1_77' title='bbox 704 976 803 1017; x_wconf 84' lang='lat' dir='ltr'><strong>rursus</strong></span> <span class='ocrx_word' id='word_1_78' title='bbox 820 959 922 1017; x_wconf 87' lang='lat' dir='ltr'><strong>similis</strong></span> <span class='ocrx_word' id='word_1_79' title='bbox 945 961 1030 1018; x_wconf 86' lang='lat' dir='ltr'><strong>sinus</strong></span> <span class='ocrx_word' id='word_1_80' title='bbox 1046 959 1100 1016; x_wconf 88' lang='lat' dir='ltr'><strong>lieri</strong></span> <span class='ocrx_word' id='word_1_81' title='bbox 1112 956 1142 1014; x_wconf 84' lang='lat' dir='ltr'><strong>de</strong></span> 
     </span>
     <span class='ocr_line' id='line_1_10' title="bbox 176 1041 1142 1120; baseline -0.009 -14"><span class='ocrx_word' id='word_1_82' title='bbox 176 1048 241 1106; x_wconf 84' lang='lat' dir='ltr'><strong>bet:</strong></span> <span class='ocrx_word' id='word_1_83' title='bbox 261 1048 298 1103; x_wconf 88' lang='lat' dir='ltr'><strong>ita</strong></span> <span class='ocrx_word' id='word_1_84' title='bbox 319 1043 388 1102; x_wconf 81' lang='lat' dir='ltr'>nihil</span> <span class='ocrx_word' id='word_1_85' title='bbox 405 1043 497 1102; x_wconf 89' lang='lat' dir='ltr'><strong>latens</strong></span> <span class='ocrx_word' id='word_1_86' title='bbox 513 1044 540 1100; x_wconf 94' lang='lat' dir='ltr'><strong>in</strong></span> <span class='ocrx_word' id='word_1_87' title='bbox 556 1059 592 1101; x_wconf 88' lang='lat' dir='ltr'><strong>eo</strong></span> <span class='ocrx_word' id='word_1_88' title='bbox 610 1059 788 1102; x_wconf 85' lang='lat' dir='ltr'><strong>ossecarum</strong></span> <span class='ocrx_word' id='word_1_89' title='bbox 801 1041 1053 1120; x_wconf 81' lang='lat' dir='ltr'><strong>est,abundeque</strong></span> <span class='ocrx_word' id='word_1_90' title='bbox 1076 1042 1142 1099; x_wconf 81' lang='lat' dir='ltr'><strong>erint</strong></span> 
     </span>
     <span class='ocr_line' id='line_1_11' title="bbox 177 1122 1143 1203; baseline -0.01 -14"><span class='ocrx_word' id='word_1_91' title='bbox 177 1132 260 1190; x_wconf 90' lang='lat' dir='ltr'><strong>datur</strong></span> <span class='ocrx_word' id='word_1_92' title='bbox 279 1129 352 1185; x_wconf 90' lang='lat' dir='ltr'><strong>intus</strong></span> <span class='ocrx_word' id='word_1_93' title='bbox 376 1126 566 1185; x_wconf 77' lang='lat' dir='ltr'><strong>laedentibus.</strong></span> <span class='ocrx_word' id='word_1_94' title='bbox 596 1124 639 1184; x_wconf 86' lang='lat' dir='ltr'><strong>Ne</strong></span> <span class='ocrx_word' id='word_1_95' title='bbox 661 1126 685 1183; x_wconf 92' lang='lat' dir='ltr'><strong>si</strong></span> <span class='ocrx_word' id='word_1_96' title='bbox 706 1126 825 1185; x_wconf 88' lang='lat' dir='ltr'><strong>iractum</strong></span> <span class='ocrx_word' id='word_1_97' title='bbox 844 1125 962 1203; x_wconf 88' lang='lat' dir='ltr'><strong>quidem</strong></span> <span class='ocrx_word' id='word_1_98' title='bbox 992 1143 1027 1185; x_wconf 90' lang='lat' dir='ltr'><strong>os</strong></span> <span class='ocrx_word' id='word_1_99' title='bbox 1049 1122 1143 1192; x_wconf 80' lang='lat' dir='ltr'><strong>desedit</strong></span> 
     </span>
     <span class='ocr_line' id='line_1_12' title="bbox 176 1208 1144 1293; baseline -0.011 -21"><span class='ocrx_word' id='word_1_100' title='bbox 176 1221 265 1272; x_wconf 92' lang='lat' dir='ltr'><strong>totum</strong></span> <span class='ocrx_word' id='word_1_101' title='bbox 281 1209 377 1268; x_wconf 87' lang='lat' dir='ltr'><strong>excidi</strong></span> <span class='ocrx_word' id='word_1_102' title='bbox 393 1227 517 1293; x_wconf 85' lang='lat' dir='ltr'><strong>necesse</strong></span> <span class='ocrx_word' id='word_1_103' title='bbox 536 1218 597 1269; x_wconf 87' lang='lat' dir='ltr'><strong>est:</strong></span> <span class='ocrx_word' id='word_1_104' title='bbox 614 1208 676 1282; x_wconf 90' lang='lat' dir='ltr'><strong>sed,</strong></span> <span class='ocrx_word' id='word_1_105' title='bbox 693 1209 755 1268; x_wconf 87' lang='lat' dir='ltr'><strong>sive</strong></span> <span class='ocrx_word' id='word_1_106' title='bbox 770 1218 858 1268; x_wconf 89' lang='lat' dir='ltr'><strong>totum</strong></span> <span class='ocrx_word' id='word_1_107' title='bbox 875 1209 1057 1288; x_wconf 81' lang='lat' dir='ltr'><strong>perfractum</strong></span> <span class='ocrx_word' id='word_1_108' title='bbox 1071 1216 1114 1282; x_wconf 69' lang='lat' dir='ltr'><strong>est</strong></span> <span class='ocrx_word' id='word_1_109' title='bbox 1127 1213 1144 1262; x_wconf 86' lang='lat' dir='ltr'><strong>et</strong></span> 
     </span>
     <span class='ocr_line' id='line_1_13' title="bbox 175 1291 1144 1368; baseline -0.008 -14"><span class='ocrx_word' id='word_1_110' title='bbox 175 1294 211 1354; x_wconf 91' lang='lat' dir='ltr'><strong>ab</strong></span> <span class='ocrx_word' id='word_1_111' title='bbox 228 1294 284 1353; x_wconf 87' lang='lat' dir='ltr'><strong>alio</strong></span> <span class='ocrx_word' id='word_1_112' title='bbox 300 1311 337 1352; x_wconf 82' lang='lat' dir='ltr'><strong>ex</strong></span> <span class='ocrx_word' id='word_1_113' title='bbox 359 1301 420 1352; x_wconf 89' lang='lat' dir='ltr'><strong>toto</strong></span> <span class='ocrx_word' id='word_1_114' title='bbox 441 1295 582 1364; x_wconf 81' lang='lat' dir='ltr'><strong>recessit,</strong></span> <span class='ocrx_word' id='word_1_115' title='bbox 597 1293 659 1350; x_wconf 87' lang='lat' dir='ltr'><strong>sivo</strong></span> <span class='ocrx_word' id='word_1_116' title='bbox 673 1293 894 1368; x_wconf 79' lang='lat' dir='ltr'><strong>circumpositae</strong></span> <span class='ocrx_word' id='word_1_117' title='bbox 907 1293 1060 1353; x_wconf 85' lang='lat' dir='ltr'><strong>calvariae</strong></span> <span class='ocrx_word' id='word_1_118' title='bbox 1074 1291 1144 1350; x_wconf 85' lang='lat' dir='ltr'><strong>inlac-</strong></span> 
     </span>
     <span class='ocr_line' id='line_1_14' title="bbox 175 1373 1145 1455; baseline -0.007 -17"><span class='ocrx_word' id='word_1_119' title='bbox 175 1387 220 1438; x_wconf 90' lang='lat' dir='ltr'><strong>ret</strong></span> <span class='ocrx_word' id='word_1_120' title='bbox 236 1379 341 1453; x_wconf 85' lang='lat' dir='ltr'><strong>exigua</strong></span> <span class='ocrx_word' id='word_1_121' title='bbox 359 1375 457 1455; x_wconf 88' lang='lat' dir='ltr'><strong>p&#39;arta,</strong></span> <span class='ocrx_word' id='word_1_122' title='bbox 472 1375 509 1437; x_wconf 89' lang='lat' dir='ltr'><strong>ab</strong></span> <span class='ocrx_word' id='word_1_123' title='bbox 524 1394 578 1452; x_wconf 85' lang='lat' dir='ltr'><strong>eo,</strong></span> <span class='ocrx_word' id='word_1_124' title='bbox 596 1378 672 1454; x_wconf 85' lang='lat' dir='ltr'><strong>quod</strong></span> <span class='ocrx_word' id='word_1_125' title='bbox 690 1376 856 1436; x_wconf 72' lang='lat' dir='ltr'><strong>naturaiiter</strong></span> <span class='ocrx_word' id='word_1_126' title='bbox 872 1395 904 1435; x_wconf 91' lang='lat' dir='ltr'><strong>se</strong></span> <span class='ocrx_word' id='word_1_127' title='bbox 923 1377 1034 1452; x_wconf 88' lang='lat' dir='ltr'><strong>habet,</strong></span> <span class='ocrx_word' id='word_1_128' title='bbox 1056 1373 1145 1452; x_wconf 82' lang='lat' dir='ltr'><strong>scalpro</strong></span> 
     </span>
     <span class='ocr_line' id='line_1_15' title="bbox 175 1459 1144 1538; baseline -0.006 -16"><span class='ocrx_word' id='word_1_129' title='bbox 175 1462 358 1522; x_wconf 70' lang='lat' dir='ltr'><strong>dividentium</strong></span> <span class='ocrx_word' id='word_1_130' title='bbox 384 1470 438 1520; x_wconf 86' lang='lat' dir='ltr'><strong>est.</strong></span> <span class='ocrx_word' id='word_1_131' title='bbox 468 1459 579 1520; x_wconf 86' lang='lat' dir='ltr'><strong>Deinde</strong></span> <span class='ocrx_word' id='word_1_132' title='bbox 601 1462 629 1519; x_wconf 94' lang='lat' dir='ltr'><strong>in</strong></span> <span class='ocrx_word' id='word_1_133' title='bbox 650 1477 705 1534; x_wconf 90' lang='lat' dir='ltr'><strong>ec,</strong></span> <span class='ocrx_word' id='word_1_134' title='bbox 724 1459 801 1538; x_wconf 87' lang='lat' dir='ltr'><strong>quod</strong></span> <span class='ocrx_word' id='word_1_135' title='bbox 817 1459 943 1537; x_wconf 85' lang='lat' dir='ltr'><strong>desedit,</strong></span> <span class='ocrx_word' id='word_1_136' title='bbox 959 1462 1048 1536; x_wconf 82' lang='lat' dir='ltr'><strong>juxta</strong></span> <span class='ocrx_word' id='word_1_137' title='bbox 1063 1461 1144 1528; x_wconf 72' lang='lat' dir='ltr'><strong>riman</strong></span> 
     </span>
     <span class='ocr_line' id='line_1_16' title="bbox 176 1543 1157 1624; baseline -0.009 -18"><span class='ocrx_word' id='word_1_138' title='bbox 176 1563 261 1624; x_wconf 86' lang='lat' dir='ltr'><strong>quant</strong></span> <span class='ocrx_word' id='word_1_139' title='bbox 277 1545 414 1618; x_wconf 85' lang='lat' dir='ltr'><strong>lecimus,</strong></span> <span class='ocrx_word' id='word_1_140' title='bbox 441 1543 580 1604; x_wconf 80' lang='lat' dir='ltr'><strong>foramina</strong></span> <span class='ocrx_word' id='word_1_141' title='bbox 602 1543 731 1604; x_wconf 92' lang='lat' dir='ltr'><strong>addenda</strong></span> <span class='ocrx_word' id='word_1_142' title='bbox 756 1552 837 1618; x_wconf 91' lang='lat' dir='ltr'><strong>sunt,</strong></span> <span class='ocrx_word' id='word_1_143' title='bbox 856 1545 880 1604; x_wconf 86' lang='lat' dir='ltr'><strong>si</strong></span> <span class='ocrx_word' id='word_1_144' title='bbox 901 1545 929 1602; x_wconf 92' lang='lat' dir='ltr'><strong>in</strong></span> <span class='ocrx_word' id='word_1_145' title='bbox 952 1553 1157 1621; x_wconf 80' lang='lat' dir='ltr'><strong>angustorum</strong></span> 
     </span>
     <span class='ocr_line' id='line_1_17' title="bbox 175 1626 1143 1706; baseline -0.007 -17"><span class='ocrx_word' id='word_1_146' title='bbox 175 1640 231 1703; x_wconf 91' lang='lat' dir='ltr'><strong>est,</strong></span> <span class='ocrx_word' id='word_1_147' title='bbox 248 1629 320 1696; x_wconf 88' lang='lat' dir='ltr'><strong>duo;</strong></span> <span class='ocrx_word' id='word_1_148' title='bbox 337 1631 360 1688; x_wconf 89' lang='lat' dir='ltr'><strong>si</strong></span> <span class='ocrx_word' id='word_1_149' title='bbox 376 1628 460 1688; x_wconf 87' lang='lat' dir='ltr'><strong>latius</strong></span> <span class='ocrx_word' id='word_1_150' title='bbox 477 1637 564 1706; x_wconf 87' lang='lat' dir='ltr'><strong>patet,</strong></span> <span class='ocrx_word' id='word_1_151' title='bbox 582 1629 652 1694; x_wconf 89' lang='lat' dir='ltr'><strong>tria;</strong></span> <span class='ocrx_word' id='word_1_152' title='bbox 670 1637 812 1706; x_wconf 85' lang='lat' dir='ltr'><strong>septaque</strong></span> <span class='ocrx_word' id='word_1_153' title='bbox 824 1645 922 1686; x_wconf 90' lang='lat' dir='ltr'><strong>eorum</strong></span> <span class='ocrx_word' id='word_1_154' title='bbox 941 1626 1143 1688; x_wconf 74' lang='lat' dir='ltr'><strong>excidendatcl</strong></span> 
     </span>
     <span class='ocr_line' id='line_1_18' title="bbox 176 1705 1143 1790; baseline -0.01 -18"><span class='ocrx_word' id='word_1_155' title='bbox 176 1724 232 1774; x_wconf 91' lang='lat' dir='ltr'><strong>tum</strong></span> <span class='ocrx_word' id='word_1_156' title='bbox 251 1711 368 1790; x_wconf 82' lang='lat' dir='ltr'><strong>scalper</strong></span> <span class='ocrx_word' id='word_1_157' title='bbox 382 1714 521 1790; x_wconf 86' lang='lat' dir='ltr'><strong>utrimque</strong></span> <span class='ocrx_word' id='word_1_158' title='bbox 545 1712 579 1771; x_wconf 91' lang='lat' dir='ltr'><strong>ad</strong></span> <span class='ocrx_word' id='word_1_159' title='bbox 595 1715 692 1770; x_wconf 89' lang='lat' dir='ltr'><strong>rimam</strong></span> <span class='ocrx_word' id='word_1_160' title='bbox 708 1711 837 1788; x_wconf 84' lang='lat' dir='ltr'><strong>agendus</strong></span> <span class='ocrx_word' id='word_1_161' title='bbox 854 1713 913 1788; x_wconf 90' lang='lat' dir='ltr'><strong>sic,</strong></span> <span class='ocrx_word' id='word_1_162' title='bbox 934 1722 966 1771; x_wconf 93' lang='lat' dir='ltr'><strong>ut</strong></span> <span class='ocrx_word' id='word_1_163' title='bbox 992 1713 1109 1772; x_wconf 87' lang='lat' dir='ltr'><strong>lunatum</strong></span> <span class='ocrx_word' id='word_1_164' title='bbox 1121 1705 1143 1764; x_wconf 87' lang='lat' dir='ltr'><strong>si</strong></span> 
     </span>
     <span class='ocr_line' id='line_1_19' title="bbox 174 1787 1143 1874; baseline -0.008 -19"><span class='ocrx_word' id='word_1_165' title='bbox 174 1813 241 1856; x_wconf 92' lang='lat' dir='ltr'><strong>num</strong></span> <span class='ocrx_word' id='word_1_166' title='bbox 258 1795 361 1870; x_wconf 87' lang='lat' dir='ltr'><strong>iaciat,</strong></span> <span class='ocrx_word' id='word_1_167' title='bbox 384 1797 496 1874; x_wconf 85' lang='lat' dir='ltr'><strong>imaque</strong></span> <span class='ocrx_word' id='word_1_168' title='bbox 515 1813 582 1873; x_wconf 88' lang='lat' dir='ltr'><strong>pars</strong></span> <span class='ocrx_word' id='word_1_169' title='bbox 601 1797 665 1869; x_wconf 76' lang='lat' dir='ltr'><strong>eius</strong></span> <span class='ocrx_word' id='word_1_170' title='bbox 681 1797 755 1855; x_wconf 91' lang='lat' dir='ltr'><strong>intus</strong></span> <span class='ocrx_word' id='word_1_171' title='bbox 771 1795 807 1855; x_wconf 90' lang='lat' dir='ltr'><strong>ad</strong></span> <span class='ocrx_word' id='word_1_172' title='bbox 823 1796 993 1872; x_wconf 85' lang='lat' dir='ltr'><strong>fracturam,</strong></span> <span class='ocrx_word' id='word_1_173' title='bbox 1012 1811 1109 1856; x_wconf 85' lang='lat' dir='ltr'><strong>cornua</strong></span> <span class='ocrx_word' id='word_1_174' title='bbox 1120 1787 1143 1848; x_wconf 84' lang='lat' dir='ltr'><strong>ad</strong></span> 
     </span>
     <span class='ocr_line' id='line_1_20' title="bbox 176 1872 1141 1958; baseline -0.01 -20"><span class='ocrx_word' id='word_1_175' title='bbox 176 1897 210 1938; x_wconf 95' lang='lat' dir='ltr'><strong>os</strong></span> <span class='ocrx_word' id='word_1_176' title='bbox 239 1879 378 1953; x_wconf 83' lang='lat' dir='ltr'><strong>integrum</strong></span> <span class='ocrx_word' id='word_1_177' title='bbox 400 1887 542 1958; x_wconf 89' lang='lat' dir='ltr'><strong>spectent.</strong></span> <span class='ocrx_word' id='word_1_178' title='bbox 570 1879 702 1954; x_wconf 86' lang='lat' dir='ltr'><strong>Deinde,</strong></span> <span class='ocrx_word' id='word_1_179' title='bbox 725 1880 749 1938; x_wconf 89' lang='lat' dir='ltr'><strong>si</strong></span> <span class='ocrx_word' id='word_1_180' title='bbox 770 1897 824 1957; x_wconf 90' lang='lat' dir='ltr'><strong>qua</strong></span> <span class='ocrx_word' id='word_1_181' title='bbox 841 1879 954 1954; x_wconf 91' lang='lat' dir='ltr'><strong>labant,</strong></span> <span class='ocrx_word' id='word_1_182' title='bbox 977 1889 1009 1940; x_wconf 90' lang='lat' dir='ltr'><strong>et</strong></span> <span class='ocrx_word' id='word_1_183' title='bbox 1036 1897 1071 1938; x_wconf 83' lang='lat' dir='ltr'><strong>en</strong></span> <span class='ocrx_word' id='word_1_184' title='bbox 1090 1872 1141 1935; x_wconf 86' lang='lat' dir='ltr'><strong>incili</strong></span> 
     </span>
     <span class='ocr_line' id='line_1_21' title="bbox 175 1959 1141 2041; baseline -0.006 -19"><span class='ocrx_word' id='word_1_185' title='bbox 175 1964 321 2022; x_wconf 87' lang='lat' dir='ltr'><strong>removeri</strong></span> <span class='ocrx_word' id='word_1_186' title='bbox 336 1972 473 2041; x_wconf 77' lang='lat' dir='ltr'><strong>possunt,</strong></span> <span class='ocrx_word' id='word_1_187' title='bbox 495 1963 608 2040; x_wconf 84' lang='lat' dir='ltr'><strong>forcipe</strong></span> <span class='ocrx_word' id='word_1_188' title='bbox 632 1963 666 2024; x_wconf 88' lang='lat' dir='ltr'><strong>ad</strong></span> <span class='ocrx_word' id='word_1_189' title='bbox 689 1964 717 2022; x_wconf 93' lang='lat' dir='ltr'><strong>id</strong></span> <span class='ocrx_word' id='word_1_190' title='bbox 739 1963 816 2023; x_wconf 87' lang='lat' dir='ltr'><strong>iacto</strong></span> <span class='ocrx_word' id='word_1_191' title='bbox 835 1964 1004 2040; x_wconf 81' lang='lat' dir='ltr'><strong>colligenda</strong></span> <span class='ocrx_word' id='word_1_192' title='bbox 1022 1959 1141 2036; x_wconf 70' lang='lat' dir='ltr'><strong>suntne·</strong></span> 
     </span>
     <span class='ocr_line' id='line_1_22' title="bbox 177 2039 1139 2124; baseline -0.006 -18"><span class='ocrx_word' id='word_1_193' title='bbox 177 2049 313 2122; x_wconf 83' lang='lat' dir='ltr'><strong>ximeque</strong></span> <span class='ocrx_word' id='word_1_194' title='bbox 330 2063 381 2121; x_wconf 91' lang='lat' dir='ltr'><strong>ea,</strong></span> <span class='ocrx_word' id='word_1_195' title='bbox 398 2064 470 2124; x_wconf 87' lang='lat' dir='ltr'><strong>quae</strong></span> <span class='ocrx_word' id='word_1_196' title='bbox 482 2056 565 2105; x_wconf 86' lang='lat' dir='ltr'><strong>acuta</strong></span> <span class='ocrx_word' id='word_1_197' title='bbox 580 2046 770 2106; x_wconf 86' lang='lat' dir='ltr'><strong>membranam</strong></span> <span class='ocrx_word' id='word_1_198' title='bbox 787 2046 936 2106; x_wconf 87' lang='lat' dir='ltr'><strong>infestant:</strong></span> <span class='ocrx_word' id='word_1_199' title='bbox 953 2049 980 2106; x_wconf 88' lang='lat' dir='ltr'><strong>si</strong></span> <span class='ocrx_word' id='word_1_200' title='bbox 997 2048 1024 2107; x_wconf 93' lang='lat' dir='ltr'><strong>id</strong></span> <span class='ocrx_word' id='word_1_201' title='bbox 1040 2065 1076 2106; x_wconf 83' lang='lat' dir='ltr'><strong>cx</strong></span> <span class='ocrx_word' id='word_1_202' title='bbox 1088 2039 1139 2102; x_wconf 77' lang='lat' dir='ltr'><strong>tacti</strong></span> 
     </span>
     <span class='ocr_line' id='line_1_23' title="bbox 174 2127 1140 2209; baseline -0.005 -20"><span class='ocrx_word' id='word_1_203' title='bbox 174 2132 238 2190; x_wconf 90' lang='lat' dir='ltr'><strong>lieri</strong></span> <span class='ocrx_word' id='word_1_204' title='bbox 254 2146 310 2189; x_wconf 96' lang='lat' dir='ltr'><strong>non</strong></span> <span class='ocrx_word' id='word_1_205' title='bbox 330 2138 436 2207; x_wconf 87' lang='lat' dir='ltr'><strong>potest,</strong></span> <span class='ocrx_word' id='word_1_206' title='bbox 455 2129 633 2204; x_wconf 87' lang='lat' dir='ltr'><strong>subjicienda</strong></span> <span class='ocrx_word' id='word_1_207' title='bbox 649 2132 751 2189; x_wconf 90' lang='lat' dir='ltr'><strong>lamina</strong></span> <span class='ocrx_word' id='word_1_208' title='bbox 769 2140 823 2207; x_wconf 88' lang='lat' dir='ltr'><strong>est,</strong></span> <span class='ocrx_word' id='word_1_209' title='bbox 839 2147 921 2209; x_wconf 85' lang='lat' dir='ltr'><strong>quarn</strong></span> <span class='ocrx_word' id='word_1_210' title='bbox 938 2130 1088 2190; x_wconf 85' lang='lat' dir='ltr'><strong>custodem</strong></span> <span class='ocrx_word' id='word_1_211' title='bbox 1100 2127 1140 2198; x_wconf 81' lang='lat' dir='ltr'><strong>ajat</strong></span> 
     </span>
    </p>
   </div>
   <div class='ocr_carea' id='block_1_3' title="bbox 87 2213 1138 2292">
    <p class='ocr_par' dir='ltr' id='par_1_3' title="bbox 87 2213 1138 2292">
     <span class='ocr_line' id='line_1_24' title="bbox 87 2213 1138 2292; baseline -0.008 -18"><span class='ocrx_word' id='word_1_212' title='bbox 87 2264 89 2274; x_wconf 80' lang='grc'>,</span> <span class='ocrx_word' id='word_1_213' title='bbox 172 2213 355 2274; x_wconf 85' lang='lat' dir='ltr'><strong>membranae</strong></span> <span class='ocrx_word' id='word_1_214' title='bbox 373 2233 440 2274; x_wconf 90' lang='lat' dir='ltr'><strong>esse</strong></span> <span class='ocrx_word' id='word_1_215' title='bbox 456 2215 598 2292; x_wconf 88' lang='lat' dir='ltr'><strong>proposui</strong></span> <span class='ocrx_word' id='word_1_216' title='bbox 611 2216 654 2292; x_wconf 89' lang='lat' dir='ltr'><strong>(p.</strong></span> <span class='ocrx_word' id='word_1_217' title='bbox 668 2213 740 2288; x_wconf 84' lang='lat'><strong>332,</strong></span> <span class='ocrx_word' id='word_1_218' title='bbox 760 2214 926 2292; x_wconf 83' lang='lat'>1.9-10);</span> <span class='ocrx_word' id='word_1_219' title='bbox 943 2224 971 2273; x_wconf 89' lang='lat' dir='ltr'><strong>et</strong></span> <span class='ocrx_word' id='word_1_220' title='bbox 989 2231 1076 2292; x_wconf 88' lang='lat' dir='ltr'><strong>super</strong></span> <span class='ocrx_word' id='word_1_221' title='bbox 1090 2223 1138 2276; x_wconf 80' lang='lat' dir='ltr'><strong>ean,</strong></span> 
     </span>
    </p>
   </div>
   <div class='ocr_carea' id='block_1_4' title="bbox 171 2295 1153 3212">
    <p class='ocr_par' dir='ltr' id='par_1_4' title="bbox 171 2295 1153 3212">
     <span class='ocr_line' id='line_1_25' title="bbox 174 2295 1138 2378; baseline -0.008 -20"><span class='ocrx_word' id='word_1_222' title='bbox 174 2295 311 2378; x_wconf 85' lang='lat' dir='ltr'><strong>quidquid</strong></span> <span class='ocrx_word' id='word_1_223' title='bbox 328 2299 475 2375; x_wconf 90' lang='lat' dir='ltr'><strong>spinosum</strong></span> <span class='ocrx_word' id='word_1_224' title='bbox 487 2308 541 2374; x_wconf 85' lang='lat' dir='ltr'><strong>est,</strong></span> <span class='ocrx_word' id='word_1_225' title='bbox 558 2307 586 2356; x_wconf 86' lang='lat' dir='ltr'><strong>et</strong></span> <span class='ocrx_word' id='word_1_226' title='bbox 602 2300 676 2357; x_wconf 89' lang='lat' dir='ltr'><strong>intus</strong></span> <span class='ocrx_word' id='word_1_227' title='bbox 693 2299 813 2372; x_wconf 74' lang='lat' dir='ltr'><strong>emittet,</strong></span> <span class='ocrx_word' id='word_1_228' title='bbox 831 2298 1026 2358; x_wconf 84' lang='lat' dir='ltr'><strong>excidendum</strong></span> <span class='ocrx_word' id='word_1_229' title='bbox 1042 2305 1095 2356; x_wconf 86' lang='lat' dir='ltr'><strong>est:</strong></span> <span class='ocrx_word' id='word_1_230' title='bbox 1109 2307 1138 2350; x_wconf 83' lang='lat' dir='ltr'><strong>ea·</strong></span> 
     </span>
     <span class='ocr_line' id='line_1_26' title="bbox 173 2375 1135 2459; baseline -0.007 -18"><span class='ocrx_word' id='word_1_231' title='bbox 173 2383 293 2458; x_wconf 89' lang='lat' dir='ltr'><strong>demque</strong></span> <span class='ocrx_word' id='word_1_232' title='bbox 309 2380 426 2456; x_wconf 92' lang='lat' dir='ltr'><strong>lamina,</strong></span> <span class='ocrx_word' id='word_1_233' title='bbox 440 2381 576 2459; x_wconf 86' lang='lat' dir='ltr'><strong>quidquid</strong></span> <span class='ocrx_word' id='word_1_234' title='bbox 592 2381 724 2442; x_wconf 88' lang='lat' dir='ltr'><strong>deorsum</strong></span> <span class='ocrx_word' id='word_1_235' title='bbox 741 2380 854 2455; x_wconf 91' lang='lat' dir='ltr'><strong>insedit,</strong></span> <span class='ocrx_word' id='word_1_236' title='bbox 874 2377 1071 2441; x_wconf 80' lang='lat' dir='ltr'><strong>aliollendum.</strong></span> <span class='ocrx_word' id='word_1_237' title='bbox 1094 2375 1135 2436; x_wconf 83' lang='lat' dir='ltr'><strong>llot</strong></span> 
     </span>
     <span class='ocr_line' id='line_1_27' title="bbox 172 2457 1135 2544; baseline -0.009 -20"><span class='ocrx_word' id='word_1_238' title='bbox 172 2483 266 2542; x_wconf 81' lang='lat' dir='ltr'><strong>genus</strong></span> <span class='ocrx_word' id='word_1_239' title='bbox 278 2466 432 2524; x_wconf 90' lang='lat' dir='ltr'><strong>curationis</strong></span> <span class='ocrx_word' id='word_1_240' title='bbox 445 2465 549 2539; x_wconf 84' lang='lat' dir='ltr'><strong>eflicit,</strong></span> <span class='ocrx_word' id='word_1_241' title='bbox 563 2475 601 2539; x_wconf 88' lang='lat' dir='ltr'><strong>ut,</strong></span> <span class='ocrx_word' id='word_1_242' title='bbox 615 2483 670 2544; x_wconf 79' lang='lat' dir='ltr'><strong>qiua</strong></span> <span class='ocrx_word' id='word_1_243' title='bbox 683 2475 765 2543; x_wconf 89' lang='lat' dir='ltr'><strong>parte</strong></span> <span class='ocrx_word' id='word_1_244' title='bbox 778 2465 868 2523; x_wconf 85' lang='lat' dir='ltr'><strong>fracta</strong></span> <span class='ocrx_word' id='word_1_245' title='bbox 880 2481 946 2524; x_wconf 91' lang='lat' dir='ltr'><strong>ossa</strong></span> <span class='ocrx_word' id='word_1_246' title='bbox 958 2475 1054 2524; x_wconf 88' lang='lat' dir='ltr'><strong>tamen</strong></span> <span class='ocrx_word' id='word_1_247' title='bbox 1066 2457 1135 2521; x_wconf 84' lang='lat' dir='ltr'><strong>inhaa·</strong></span> 
     </span>
     <span class='ocr_line' id='line_1_28' title="bbox 172 2546 1136 2627; baseline -0.006 -21"><span class='ocrx_word' id='word_1_248' title='bbox 172 2557 249 2622; x_wconf 87' lang='lat' dir='ltr'><strong>rent,</strong></span> <span class='ocrx_word' id='word_1_249' title='bbox 266 2546 437 2607; x_wconf 84' lang='lat' dir='ltr'><strong>solidentur:</strong></span> <span class='ocrx_word' id='word_1_250' title='bbox 456 2566 510 2626; x_wconf 79' lang='lat' dir='ltr'><strong>qiua</strong></span> <span class='ocrx_word' id='word_1_251' title='bbox 528 2558 609 2627; x_wconf 88' lang='lat' dir='ltr'><strong>parte</strong></span> <span class='ocrx_word' id='word_1_252' title='bbox 625 2548 745 2626; x_wconf 85' lang='lat' dir='ltr'><strong>abrupta</strong></span> <span class='ocrx_word' id='word_1_253' title='bbox 761 2556 841 2624; x_wconf 90' lang='lat' dir='ltr'><strong>sunt,</strong></span> <span class='ocrx_word' id='word_1_254' title='bbox 864 2550 925 2607; x_wconf 88' lang='lat' dir='ltr'><strong>sine</strong></span> <span class='ocrx_word' id='word_1_255' title='bbox 940 2548 1002 2608; x_wconf 92' lang='lat' dir='ltr'><strong>ullo</strong></span> <span class='ocrx_word' id='word_1_256' title='bbox 1023 2549 1136 2608; x_wconf 83' lang='lat' dir='ltr'><strong>tormento</strong></span> 
     </span>
     <span class='ocr_line' id='line_1_29' title="bbox 173 2628 1135 2711; baseline -0.005 -21"><span class='ocrx_word' id='word_1_257' title='bbox 173 2629 225 2690; x_wconf 88' lang='lat' dir='ltr'><strong>sub</strong></span> <span class='ocrx_word' id='word_1_258' title='bbox 241 2629 454 2690; x_wconf 86' lang='lat' dir='ltr'><strong>medicamentis</strong></span> <span class='ocrx_word' id='word_1_259' title='bbox 472 2641 605 2710; x_wconf 89' lang='lat' dir='ltr'><strong>tempore</strong></span> <span class='ocrx_word' id='word_1_260' title='bbox 628 2633 776 2701; x_wconf 80' lang='lat' dir='ltr'><strong>excidantt</strong></span> <span class='ocrx_word' id='word_1_261' title='bbox 799 2634 978 2711; x_wconf 85' lang='lat' dir='ltr'><strong>spatiumque</strong></span> <span class='ocrx_word' id='word_1_262' title='bbox 1000 2634 1072 2692; x_wconf 89' lang='lat' dir='ltr'><strong>inter</strong></span> <span class='ocrx_word' id='word_1_263' title='bbox 1085 2628 1135 2685; x_wconf 80' lang='lat' dir='ltr'><strong>lact</strong></span> 
     </span>
     <span class='ocr_line' id='line_1_30' title="bbox 172 2709 1135 2794; baseline -0.013 -18"><span class='ocrx_word' id='word_1_264' title='bbox 172 2715 241 2772; x_wconf 80' lang='lat' dir='ltr'><strong>setis</strong></span> <span class='ocrx_word' id='word_1_265' title='bbox 256 2712 313 2771; x_wconf 78' lang='lat' dir='ltr'><strong>illis</strong></span> <span class='ocrx_word' id='word_1_266' title='bbox 329 2731 459 2790; x_wconf 76' lang='lat' dir='ltr'><strong>magnum</strong></span> <span class='ocrx_word' id='word_1_267' title='bbox 474 2717 509 2776; x_wconf 91' lang='lat' dir='ltr'><strong>ad</strong></span> <span class='ocrx_word' id='word_1_268' title='bbox 525 2716 727 2776; x_wconf 87' lang='lat' dir='ltr'><strong>extrahendam</strong></span> <span class='ocrx_word' id='word_1_269' title='bbox 745 2716 853 2774; x_wconf 87' lang='lat' dir='ltr'><strong>saniem</strong></span> <span class='ocrx_word' id='word_1_270' title='bbox 874 2717 1063 2794; x_wconf 80' lang='lat' dir='ltr'><strong>relinquatur:</strong></span> <span class='ocrx_word' id='word_1_271' title='bbox 1081 2709 1135 2791; x_wconf 86' lang='lat' dir='ltr'><strong>plus·</strong></span> 
     </span>
     <span class='ocr_line' id='line_1_31' title="bbox 172 2797 1153 2878; baseline -0.011 -20"><span class='ocrx_word' id='word_1_272' title='bbox 172 2815 227 2877; x_wconf 84' lang='lat' dir='ltr'><strong>que</strong></span> <span class='ocrx_word' id='word_1_273' title='bbox 247 2799 275 2856; x_wconf 94' lang='lat' dir='ltr'><strong>in</strong></span> <span class='ocrx_word' id='word_1_274' title='bbox 292 2814 359 2856; x_wconf 89' lang='lat' dir='ltr'><strong>osse</strong></span> <span class='ocrx_word' id='word_1_275' title='bbox 378 2801 586 2877; x_wconf 77' lang='lat' dir='ltr'><strong>propugnaculi</strong></span> <span class='ocrx_word' id='word_1_276' title='bbox 603 2797 752 2862; x_wconf 90' lang='lat' dir='ltr'><strong>cerebrum</strong></span> <span class='ocrx_word' id='word_1_277' title='bbox 771 2798 889 2874; x_wconf 88' lang='lat' dir='ltr'><strong>habeat,</strong></span> <span class='ocrx_word' id='word_1_278' title='bbox 902 2817 985 2878; x_wconf 65' lang='lat' dir='ltr'><strong>pam</strong></span> <span class='ocrx_word' id='word_1_279' title='bbox 1001 2797 1153 2859; x_wconf 77' lang='lat' dir='ltr'><strong>habituum</strong></span> 
     </span>
     <span class='ocr_line' id='line_1_32' title="bbox 171 2873 1132 2963; baseline -0.008 -19"><span class='ocrx_word' id='word_1_280' title='bbox 171 2883 232 2956; x_wconf 85' lang='lat' dir='ltr'><strong>iutt,</strong></span> <span class='ocrx_word' id='word_1_281' title='bbox 242 2900 278 2942; x_wconf 88' lang='lat' dir='ltr'><strong>co</strong></span> <span class='ocrx_word' id='word_1_282' title='bbox 290 2883 400 2942; x_wconf 86' lang='lat' dir='ltr'><strong>exciso.</strong></span> <span class='ocrx_word' id='word_1_283' title='bbox 418 2883 468 2942; x_wconf 90' lang='lat' dir='ltr'><strong>His</strong></span> <span class='ocrx_word' id='word_1_284' title='bbox 477 2883 570 2957; x_wconf 87' lang='lat' dir='ltr'><strong>iactis,</strong></span> <span class='ocrx_word' id='word_1_285' title='bbox 580 2901 614 2943; x_wconf 89' lang='lat' dir='ltr'><strong>ea</strong></span> <span class='ocrx_word' id='word_1_286' title='bbox 623 2883 785 2942; x_wconf 84' lang='lat' dir='ltr'><strong>membrana</strong></span> <span class='ocrx_word' id='word_1_287' title='bbox 798 2884 857 2940; x_wconf 92' lang='lat' dir='ltr'><strong>acri</strong></span> <span class='ocrx_word' id='word_1_288' title='bbox 870 2873 1132 2963; x_wconf 75' lang='lat' dir='ltr'><strong>acetorespergendt</strong></span> 
     </span>
     <span class='ocr_line' id='line_1_33' title="bbox 172 2960 1130 3045; baseline -0.001 -20"><span class='ocrx_word' id='word_1_289' title='bbox 172 2976 227 3035; x_wconf 87' lang='lat' dir='ltr'><strong>cst;</strong></span> <span class='ocrx_word' id='word_1_290' title='bbox 243 2976 282 3044; x_wconf 86' lang='lat' dir='ltr'><strong>ut,</strong></span> <span class='ocrx_word' id='word_1_291' title='bbox 298 2969 360 3026; x_wconf 90' lang='lat' dir='ltr'><strong>sive</strong></span> <span class='ocrx_word' id='word_1_292' title='bbox 372 2967 477 3045; x_wconf 87' lang='lat' dir='ltr'><strong>aliquid</strong></span> <span class='ocrx_word' id='word_1_293' title='bbox 493 2969 639 3044; x_wconf 85' lang='lat' dir='ltr'><strong>sanguinis</strong></span> <span class='ocrx_word' id='word_1_294' title='bbox 652 2985 689 3027; x_wconf 88' lang='lat' dir='ltr'><strong>ex</strong></span> <span class='ocrx_word' id='word_1_295' title='bbox 703 2985 737 3024; x_wconf 92' lang='lat' dir='ltr'><strong>ea</strong></span> <span class='ocrx_word' id='word_1_296' title='bbox 754 2965 880 3044; x_wconf 83' lang='lat' dir='ltr'><strong>produit,</strong></span> <span class='ocrx_word' id='word_1_297' title='bbox 897 2966 1077 3039; x_wconf 86' lang='lat' dir='ltr'><strong>cohibeatur,</strong></span> <span class='ocrx_word' id='word_1_298' title='bbox 1089 2960 1130 3018; x_wconf 67' lang='lat' dir='ltr'><strong>siit</strong></span> 
     </span>
     <span class='ocr_line' id='line_1_34' title="bbox 171 3039 1130 3126; baseline -0.011 -18"><span class='ocrx_word' id='word_1_299' title='bbox 171 3050 245 3110; x_wconf 87' lang='lat' dir='ltr'><strong>intus</strong></span> <span class='ocrx_word' id='word_1_300' title='bbox 264 3061 417 3111; x_wconf 87' lang='lat' dir='ltr'><strong>concretus</strong></span> <span class='ocrx_word' id='word_1_301' title='bbox 441 3067 527 3112; x_wconf 87' lang='lat' dir='ltr'><strong>cruor</strong></span> <span class='ocrx_word' id='word_1_302' title='bbox 543 3060 687 3126; x_wconf 87' lang='lat' dir='ltr'><strong>remanet,</strong></span> <span class='ocrx_word' id='word_1_303' title='bbox 705 3047 888 3109; x_wconf 75' lang='lat' dir='ltr'><strong>discutiatur:</strong></span> <span class='ocrx_word' id='word_1_304' title='bbox 907 3060 963 3109; x_wconf 88' lang='lat' dir='ltr'><strong>tum</strong></span> <span class='ocrx_word' id='word_1_305' title='bbox 982 3051 1056 3110; x_wconf 93' lang='lat' dir='ltr'><strong>idem</strong></span> <span class='ocrx_word' id='word_1_306' title='bbox 1069 3039 1130 3104; x_wconf 86' lang='lat' dir='ltr'><strong>ncli-</strong></span> 
     </span>
     <span class='ocr_line' id='line_1_35' title="bbox 172 3121 1131 3212; baseline -0.003 -23"><span class='ocrx_word' id='word_1_307' title='bbox 172 3140 330 3192; x_wconf 83' lang='lat' dir='ltr'><strong>cementum</strong></span> <span class='ocrx_word' id='word_1_308' title='bbox 346 3135 448 3195; x_wconf 88' lang='lat' dir='ltr'><strong>eodem</strong></span> <span class='ocrx_word' id='word_1_309' title='bbox 466 3134 569 3207; x_wconf 90' lang='lat' dir='ltr'><strong>modo,</strong></span> <span class='ocrx_word' id='word_1_310' title='bbox 586 3135 633 3212; x_wconf 90' lang='lat' dir='ltr'><strong>qui</strong></span> <span class='ocrx_word' id='word_1_311' title='bbox 646 3151 732 3211; x_wconf 89' lang='lat' dir='ltr'><strong>supra</strong></span> <span class='ocrx_word' id='word_1_312' title='bbox 747 3133 859 3211; x_wconf 89' lang='lat' dir='ltr'><strong>positus</strong></span> <span class='ocrx_word' id='word_1_313' title='bbox 875 3133 1081 3208; x_wconf 80' lang='lat' dir='ltr'><strong>est,mollitum,</strong></span> <span class='ocrx_word' id='word_1_314' title='bbox 1094 3121 1131 3203; x_wconf 80' lang='lat' dir='ltr'><strong>pi</strong></span> 
     </span>
    </p>
   </div>
   <div class='ocr_carea' id='block_1_5' title="bbox 170 3207 1151 3547">
    <p class='ocr_par' dir='ltr' id='par_1_5' title="bbox 170 3207 1151 3547">
     <span class='ocr_line' id='line_1_36' title="bbox 170 3207 1151 3298; baseline 0.001 -27"><span class='ocrx_word' id='word_1_315' title='bbox 170 3215 353 3276; x_wconf 85' lang='lat' dir='ltr'><strong>membranae</strong></span> <span class='ocrx_word' id='word_1_316' title='bbox 375 3219 573 3298; x_wconf 86' lang='lat' dir='ltr'><strong>imponendum</strong></span> <span class='ocrx_word' id='word_1_317' title='bbox 597 3226 656 3277; x_wconf 88' lang='lat' dir='ltr'><strong>est:</strong></span> <span class='ocrx_word' id='word_1_318' title='bbox 684 3226 840 3294; x_wconf 84' lang='lat' dir='ltr'><strong>ceteraque</strong></span> <span class='ocrx_word' id='word_1_319' title='bbox 866 3218 972 3277; x_wconf 89' lang='lat' dir='ltr'><strong>eodem</strong></span> <span class='ocrx_word' id='word_1_320' title='bbox 1002 3216 1081 3277; x_wconf 90' lang='lat' dir='ltr'><strong>modo</strong></span> <span class='ocrx_word' id='word_1_321' title='bbox 1103 3207 1151 3266; x_wconf 63' lang='lat' dir='ltr'><strong>lli</strong></span> 
     </span>
     <span class='ocr_line' id='line_1_37' title="bbox 171 3294 1130 3378; baseline -0.002 -22"><span class='ocrx_word' id='word_1_322' title='bbox 171 3297 272 3357; x_wconf 84' lang='lat' dir='ltr'><strong>cienda</strong></span> <span class='ocrx_word' id='word_1_323' title='bbox 298 3307 362 3356; x_wconf 90' lang='lat' dir='ltr'><strong>sunt</strong></span> <span class='ocrx_word' id='word_1_324' title='bbox 388 3317 462 3378; x_wconf 88' lang='lat' dir='ltr'><strong>quac</strong></span> <span class='ocrx_word' id='word_1_325' title='bbox 484 3301 517 3358; x_wconf 88' lang='lat' dir='ltr'><strong>ad</strong></span> <span class='ocrx_word' id='word_1_326' title='bbox 538 3301 684 3360; x_wconf 92' lang='lat' dir='ltr'><strong>linteolum</strong></span> <span class='ocrx_word' id='word_1_327' title='bbox 705 3300 821 3374; x_wconf 91' lang='lat' dir='ltr'><strong>illitum,</strong></span> <span class='ocrx_word' id='word_1_328' title='bbox 843 3310 873 3359; x_wconf 92' lang='lat' dir='ltr'><strong>et</strong></span> <span class='ocrx_word' id='word_1_329' title='bbox 896 3301 990 3374; x_wconf 88' lang='lat' dir='ltr'><strong>lanam</strong></span> <span class='ocrx_word' id='word_1_330' title='bbox 1013 3294 1130 3377; x_wconf 70' lang='lat' dir='ltr'><strong>succidam</strong></span> 
     </span>
     <span class='ocr_line' id='line_1_38' title="bbox 170 3383 1128 3462; baseline 0.002 -22"><span class='ocrx_word' id='word_1_331' title='bbox 170 3383 329 3462; x_wconf 88' lang='lat' dir='ltr'><strong>pertinent:</strong></span> <span class='ocrx_word' id='word_1_332' title='bbox 352 3383 598 3462; x_wconf 88' lang='lat' dir='ltr'><strong>collocandusque</strong></span> <span class='ocrx_word' id='word_1_333' title='bbox 617 3387 639 3444; x_wconf 85' lang='lat' dir='ltr'><strong>is</strong></span> <span class='ocrx_word' id='word_1_334' title='bbox 656 3384 722 3444; x_wconf 93' lang='lat' dir='ltr'><strong>loco</strong></span> <span class='ocrx_word' id='word_1_335' title='bbox 737 3383 850 3462; x_wconf 85' lang='lat' dir='ltr'><strong>tepido:</strong></span> <span class='ocrx_word' id='word_1_336' title='bbox 872 3393 900 3444; x_wconf 87' lang='lat' dir='ltr'><strong>et</strong></span> <span class='ocrx_word' id='word_1_337' title='bbox 917 3383 1066 3444; x_wconf 91' lang='lat' dir='ltr'><strong>curandum</strong></span> <span class='ocrx_word' id='word_1_338' title='bbox 1078 3390 1128 3455; x_wconf 60' lang='lat'><strong>⁴‹1¹1⁰-</strong></span> 
     </span>
     <span class='ocr_line' id='line_1_39' title="bbox 170 3460 1127 3547; baseline -0.003 -21"><span class='ocrx_word' id='word_1_339' title='bbox 170 3465 239 3526; x_wconf 91' lang='lat' dir='ltr'><strong>tidie</strong></span> <span class='ocrx_word' id='word_1_340' title='bbox 262 3464 378 3534; x_wconf 86' lang='lat' dir='ltr'><strong>vulnus;</strong></span> <span class='ocrx_word' id='word_1_341' title='bbox 403 3465 447 3525; x_wconf 88' lang='lat' dir='ltr'><strong>bis</strong></span> <span class='ocrx_word' id='word_1_342' title='bbox 470 3469 553 3526; x_wconf 86' lang='lat' dir='ltr'><strong>etiam</strong></span> <span class='ocrx_word' id='word_1_343' title='bbox 575 3477 695 3530; x_wconf 87' lang='lat' dir='ltr'><strong>aestate.</strong></span> <span class='ocrx_word' id='word_1_344' title='bbox 724 3465 810 3540; x_wconf 84' lang='lat' dir='ltr'><strong>Quod</strong></span> <span class='ocrx_word' id='word_1_345' title='bbox 825 3465 848 3526; x_wconf 89' lang='lat' dir='ltr'><strong>si</strong></span> <span class='ocrx_word' id='word_1_346' title='bbox 866 3467 1031 3528; x_wconf 82' lang='lat' dir='ltr'><strong>membrana</strong></span> <span class='ocrx_word' id='word_1_347' title='bbox 1044 3460 1127 3547; x_wconf 82' lang='lat' dir='ltr'><strong>peril·</strong></span> 
     </span>
    </p>
   </div>
   <div class='ocr_carea' id='block_1_6' title="bbox 0 0 1202 3904">
    <p class='ocr_par' dir='ltr' id='par_1_6' title="bbox 0 0 1202 3904">
     <span class='ocr_line' id='line_1_40' title="bbox 0 0 1202 3904; baseline 0 1"><span class='ocrx_word' id='word_1_348' title='bbox 0 0 1202 3904; x_wconf 95' lang='lat' dir='ltr'><strong> </strong></span> 
     </span>
    </p>
   </div>
  </div>
 </body>
</html>
