2372 3892
161 219 221 280 294
431 227 464 274 s.
480 223 510 274 c.
527 223 626 273 cursu
640 221 832 272 annuemus

159 385 215 444 mel
231 392 350 461 utraque
377 389 458 460 parte
479 379 618 456 trajecta,
641 377 843 457 permutandae
868 393 937 436 acus
957 375 1038 434 inter
1060 394 1148 437 manus

159 476 240 543 suut,
262 475 289 525 ut
309 484 344 526 ea
368 467 404 526 sit
425 463 588 540 indemne,
611 479 685 542 quae
702 460 754 520 luit
767 463 795 520 in
810 461 940 536 sinistra,
959 475 996 519 ea
1013 461 1114 520 veniat
1126 463 1148 520 in

159 552 314 626 sinistram,
336 567 419 627 quarn
444 548 545 608 dextra
570 544 722 606 continuit:
737 544 903 622 'iterumque
932 543 1045 602 eodem
1074 545 1147 604 modo

160 653 212 714 per
228 650 294 694 cras
314 631 505 692 immittendae
527 639 606 690 sunt:
632 636 718 706 atque
734 627 772 687 itu
787 629 873 687 tertio
891 636 921 686 et
936 636 1065 706 quarto,
1081 628 1148 687 deiu-

160 735 288 796 cepsqne
313 716 479 795 permutatis
501 716 575 774 inter
596 727 695 771 manus
716 711 824 770 acubus
854 709 941 790 plaga
972 711 1159 771 includendas

160 801 338 876 Posuisse,
361 798 461 859 eadem
481 797 545 873 iila,
567 796 746 873 eaedemque
767 813 837 855 acus
862 794 896 854 ad
921 804 1021 854 cutem
1037 797 1146 854 transle-

158 885 283 959 rendae,
300 883 442 961 similique
458 883 569 941 ratione
586 881 614 940 ei
636 895 752 958 quoque
769 880 842 958 parti
863 887 964 937 sutura
988 879 1146 953 injicienda:

159 985 275 1048 semper
290 966 325 1026 ab
341 965 479 1025 interiore
496 973 578 1044 parte
593 963 702 1022 acubus
717 961 916 1035 venientibus,
941 979 1069 1042 semper
1089 969 1147 1022 inter

158 1067 256 1111 manus
272 1050 419 1124 trajectis:
438 1048 504 1108 dein
519 1047 686 1124 glutinantia
703 1045 865 1121 injicienda.
883 1044 1001 1120 Quibus
1009 1055 1061 1106 aut
1074 1063 1146 1124 spon·

159 1135 252 1210 giam,
276 1141 322 1191 aut
336 1131 480 1192 succidam
495 1131 587 1190 lanam
599 1147 637 1189 ex
653 1138 737 1189 aceto
756 1145 927 1206 expressam
945 1130 1097 1190 accedere
1110 1130 1164 1188 deu

159 1215 230 1274 bere
247 1215 424 1273 manifestius
439 1223 498 1292 est,
514 1229 597 1293 quam
611 1222 641 1272 ut
656 1229 772 1292 semper
786 1211 939 1274 dicendum
953 1214 1004 1272 sit.
1037 1213 1146 1294 lmposi

158 1299 194 1358 tis
210 1298 254 1358 his
269 1297 373 1357 leniter
387 1297 509 1376 deligari
526 1305 628 1357 venter
645 1296 742 1356 debet.

397 1561 403 1568 ·
478 1534 663 1596 CAPUT
694 1533 831 1595 XVII.

367 1653 403 1702 De
415 1651 532 1702 interiore
544 1651 686 1702 membrana
700 1649 840 1700 abdominis
855 1659 939 1716 rupta.

220 1805 247 1860 1.
268 1801 410 1860 interdum
425 1812 518 1863 autern
532 1802 579 1861 uel
597 1819 634 1862 ex
649 1802 706 1860 ictu
720 1801 834 1880 aliquo,
852 1802 901 1862 rel
915 1809 1038 1862 retento
1052 1801 1163 1860 diutimc

159 1885 276 1962 spiritu,
292 1885 340 1943 vel
355 1885 408 1944 sub
431 1885 512 1961 gravi
533 1884 629 1960 fasce,
648 1885 767 1944 interior
792 1885 953 1945 abdominis
975 1885 1142 1955 membrana,

159 1968 308 2045 superiore
327 1975 392 2026 cute
408 1969 537 2046 integra,
551 1969 697 2048 rumpitur.
727 1969 812 2042 Quod
833 1968 947 2027 lerninis
971 1985 1097 2048 quoqne,
1116 1983 1143 2025 er

141 2057 240 2116 ⁴utero
269 2068 358 2129 saepe
385 2055 503 2111 evenire
525 2052 691 2111 consuevit:
714 2053 802 2130 fitque
823 2052 984 2130 praecipue
1003 2053 1084 2111 circa
1097 2050 1142 2108 ilia.

158 2134 291 2210 Sequitur
310 2142 419 2209 autern,
438 2151 521 2212 quum
537 2136 671 2212 superior
692 2151 761 2194 curo
779 2135 875 2194 mollis.
890 2137 942 2211 sit,
958 2143 1064 2194 utnon
1087 2133 1143 2210 satis

156 2217 288 2276 intestina
308 2219 466 2294 contineat,
484 2218 586 2294 hisque
601 2221 706 2276 intenta
723 2219 795 2277 cutis
813 2219 951 2279 indecora
966 2219 1162 2277 intumescam

156 2299 252 2377 Atque
272 2301 301 2360 id
322 2317 436 2378 qnoque
456 2301 541 2360 aliter
562 2301 597 2360 ab
618 2301 681 2360 aliis
703 2309 827 2360 curatur.
863 2301 985 2376 Quidam
1006 2303 1085 2360 enim
1102 2317 1143 2378 per

156 2399 237 2442 acum
254 2382 365 2450 duobus
380 2383 444 2442 linis
460 2384 495 2443 ad
511 2385 595 2443 imam
613 2383 703 2443 basim
718 2385 851 2443 immissis
873 2385 916 2444 sic
932 2386 1083 2463 utrimque
1104 2384 1142 2444 de

155 2466 298 2542 vinciunt,
326 2467 560 2544 quemadmodum
583 2476 612 2527 et
632 2469 660 2525 in
681 2467 831 2544 umbilico,
863 2470 934 2527 etin
950 2485 1008 2528 ura
1026 2470 1150 2546 positnu’

157 2557 217 2619 est,
234 2557 279 2622 nt,
308 2549 441 2626 quidquid
465 2569 552 2628 super
575 2550 717 2610 vinculum
740 2561 801 2626 est,
825 2553 990 2611 emoriatur.
1029 2551 1142 2626 Quidam

156 2627 277 2688 medium
298 2639 436 2691 tumorem
458 2634 593 2696 excidunt
614 2633 650 2693 ad
674 2633 885 2694 similitudinem
905 2638 1052 2694 murtacei
1074 2634 1163 2697 lolius

156 2711 233 2790 quod
253 2729 370 2790 semper
398 2714 501 2774 eodem
520 2717 606 2777 modo
629 2718 799 2776 serrandum
824 2735 890 2778 esse
907 2719 968 2794 jam
993 2720 1099 2795 posni;
1119 2725 1142 2775 et

154 2806 212 2856 tum
228 2813 295 2857 oras
311 2805 407 2856 sutura
419 2799 550 2876 jungunt.
581 2799 847 2862 Commodissimum
863 2810 907 2860 cst
926 2801 1043 2880 antem,
1070 2819 1140 2860 resu·

155 2885 251 2960 pinato
278 2897 418 2960 corpore,
452 2885 580 2960 experiri
607 2901 706 2960 manu,
735 2903 789 2962 qua
812 2893 893 2964 parte
919 2884 943 2942 is
967 2892 1068 2944 tumor
1093 2901 1139 2942 ma·

154 2971 231 3026 xime
257 2966 357 3042 cedat,
389 2967 453 3044 quia
479 2983 603 3026 necesse
630 2977 689 3043 est,
714 2985 749 3026 ea
770 2977 853 3050 parte
875 2976 959 3046 rupta
981 2969 1139 3027 membrana

158 3052 208 3115 sit;
225 3069 337 3128 quaque
352 3052 535 3127 integralem,
556 3068 590 3109 ea
605 3051 696 3127 magis
712 3050 870 3110 obnitatur:
887 3060 960 3125 tum,
985 3067 1044 3128 qua
1065 3060 1160 3128 ruptuu

157 3131 316 3208 videbitur,
333 3133 522 3192 immittendae
537 3133 679 3212 scalpello
697 3134 770 3193 duae
780 3134 880 3193 lineae
892 3141 974 3208 sunt,
988 3144 1031 3210 ut,
1049 3136 1139 3194 exciso

155 3211 258 3286 medio,
274 3215 392 3274 interior
406 3216 569 3276 membrana
580 3219 722 3296 utrimque
736 3227 884 3276 recentem
898 3217 1015 3296 plagam
1029 3218 1139 3284 habeat:

155 3295 236 3373 quia,
254 3295 329 3369 quod
343 3307 426 3356 vetus
442 3308 496 3375 est,
513 3309 609 3359 sutura
624 3319 681 3360 non
696 3302 764 3360 coit.
785 3301 864 3360 Loco
877 3301 1037 3378 patefacto,
1056 3303 1138 3380 siqua

155 3385 236 3453 parte
255 3376 416 3434 membrana
432 3397 488 3438 non
504 3399 606 3440 novam
624 3383 753 3461 plagam,
771 3383 824 3442 sed
839 3393 969 3443 veterem
981 3384 1086 3460 babet,
1103 3395 1137 3443 te

155 3457 217 3514 nais
234 3455 391 3516 excidenda
406 3458 517 3521 habena
533 3473 592 3540 est,
609 3483 682 3544 quae
698 3474 804 3526 tantum
820 3483 886 3528 oras
901 3469 965 3543 ejus
983 3469 1158 3528 exulceretc
