2384 3896
154 220 213 282 148
381 197 384 202 ’
440 227 849 280 nemausensem

152 391 180 448 in
203 403 257 448 ano
280 394 339 446 est:
369 401 432 446 curu
455 383 558 444 eodem
578 383 683 444 dolore
707 387 842 462 exiguum
863 381 971 462 aliquid
991 381 1145 442 emittitur:

152 484 238 550 atque
261 487 297 530 eo
320 485 436 550 quoque
460 477 630 528 tormentum
653 469 823 530 intenditur:
844 467 930 546 idque
946 475 1016 546 post
1031 476 1146 546 tempus

152 555 269 636 aliquod
289 554 415 622 levatum
437 554 600 631 exiguaque
623 555 739 632 requies
760 561 819 614 est:
839 569 955 613 somnus
974 551 1147 630 interpella·

151 650 211 701 tur:
239 637 379 698 febricula
400 639 503 698 oritur:
530 636 680 714 longoque
701 646 834 716 tempore
858 635 886 694 id
906 635 1043 710 malum,¹
1066 651 1147 714 quun

152 723 376 800 inveteraverit,
397 730 445 781 ant
467 720 543 780 tollit
549 719 717 800 ιιοιιιιιιιιιι,
741 729 805 798 aut,
829 719 939 779 etiamsi
956 719 1077 795 linitur,
1103 734 1164 777 ιιι

153 810 269 868 cruciat.
314 806 471 885 Oportet
463 823 491 864 ιιι
513 793 610 882 primis
632 805 858 884 conquiescere:
889 802 1033 881 siquidem
1058 803 1147 862 omnis

152 891 269 968 agitatio
292 890 457 950 exulcerat:
483 888 587 948 deinde
609 889 740 964 jejunum
766 887 888 948 sorbere
914 887 972 946 vini
998 887 1147 962 cyathum,

151 977 197 1035 cui
219 977 341 1034 contrita
361 972 444 1033 radix
469 971 659 1051 quinquefolii
680 975 716 1032 sit
737 971 866 1047 adjecta:
889 973 1048 1048 imponere
1074 980 1147 1030 cata·

151 1059 290 1138 plasmata
308 1074 397 1135 super
418 1066 564 1132 ventrem,
588 1073 662 1135 quae
679 1057 852 1135 reprimant;
875 1054 950 1132 quod
964 1056 995 1112 in
1009 1056 1147 1134 superio·

150 1141 229 1202 ribus
250 1141 359 1201 ventris
378 1140 486 1200 morbis
505 1157 565 1200 non
582 1141 714 1218 expedit:
739 1141 910 1219 quotiesque
926 1138 1059 1215 desedit,
1083 1139 1147 1198 sub
1155 1154 1172 1195 ιι

150 1226 232 1284 luere
248 1243 320 1303 aqua
337 1224 429 1284 calida
444 1225 472 1282 in
488 1242 544 1302 qua
559 1224 700 1285 decoctae
714 1222 861 1283 verbenae
874 1224 944 1282 sint:
960 1221 1148 1300 portulacam

151 1309 198 1368 vel
221 1318 347 1385 coctam,
370 1308 418 1367 uel
437 1325 474 1368 ex
490 1309 559 1368 dura
573 1310 661 1368 muria
677 1307 784 1366 edisse.
822 1307 852 1365 Si
867 1308 1008 1365 vetustior
1023 1305 1147 1365 morbus

152 1401 212 1469 est,
236 1411 274 1452 en
292 1391 476 1452 inferioribus
492 1393 620 1472 partibus
634 1391 762 1470 tepidum
776 1390 927 1451 infundere
944 1390 991 1448 vel
1009 1393 1147 1468 ptisanae

152 1493 329 1552 cremorem,
348 1477 396 1537 ιιι
412 1476 473 1552 ιιι,
490 1476 536 1535 ιιι
552 1475 665 1555 adipem
680 1477 830 1553 liquatam,
848 1473 895 1534 uel
911 1474 1072 1534 medullam
1086 1491 1146 1534 eer-

134 1564 260 1642 -vinarn,
283 1561 331 1620 vel
352 1561 464 1636 oleum,
485 1560 533 1620 uel
555 1577 619 1620 cunr
641 1576 710 1619 rosa
724 1559 872 1634 butyrum,
895 1559 942 1617 vel
959 1575 1021 1617 cum
1041 1559 1170 1618 eademu

151 1645 246 1706 album
267 1643 383 1704 crudum
407 1663 444 1704 ex
469 1645 549 1720 ouis,
579 1643 628 1704 vel
649 1659 751 1723 aquarn
771 1645 799 1702 in
823 1661 878 1721 qna
899 1642 948 1700 lini
970 1660 1077 1701 semen
1098 1643 1147 1702 de·

151 1739 264 1788 coetum
286 1728 338 1796 sit;
361 1728 425 1803 rel,
447 1728 471 1787 si
493 1744 608 1788 somnus
629 1745 686 1786 nou
707 1727 836 1804 accedit,
853 1725 972 1786 uitellos
988 1744 1055 1785 cum
1073 1743 1146 1804 aqua

151 1815 179 1871 iu
202 1829 256 1890 qna
278 1829 365 1871 rosae
387 1812 466 1870 lloris
486 1807 557 1871 iolia
580 1820 665 1871 cocta
687 1814 752 1871 siut.
792 1811 901 1870 Levant
917 1812 991 1869 enirn
1007 1809 1146 1870 dolorem

150 1896 239 1970 haec,
264 1903 293 1954 et
307 1897 420 1955 mitiora
435 1895 534 1956 ulcera
550 1896 691 1964 alliciunt;
718 1895 901 1973 maximeque
916 1894 995 1953 utilia
1014 1903 1102 1971 sunt,
1123 1895 1146 1952 ei

152 1979 208 2037 eibi
231 1997 346 2057 quoque
369 1989 518 2058 sequutum
539 1980 681 2039 fastidium
703 1987 756 2038 est.
789 1979 943 2039 Themison
959 1981 1051 2036 muria
1071 1977 1142 2038 dura
1152 1994 1170 2035 ιι

74 2104 75 2110 ι
151 2081 234 2140 quam
259 2065 415 2142 asperrima
438 2063 628 2123 sicutendunr
642 2064 798 2122 memoriae
814 2061 948 2143 prodidit.
987 2059 1056 2119 Cibi
1072 2079 1145 2121 vero

143 2165 217 2218 ,esse
239 2146 360 2220 debent,
384 2148 431 2226 qui
446 2147 550 2208 leniter
565 2156 695 2206 ventrem
712 2146 898 2224 adstringant.
931 2144 971 2203 At
985 2163 1037 2221 ea,
1069 2162 1145 2224 quae

151 2233 258 2291 urinam
283 2239 416 2306 movent,
447 2233 471 2290 si
497 2231 525 2290 id
550 2239 727 2308 consequuta
750 2240 831 2305 sunt,
862 2231 890 2288 ia
916 2229 999 2288 aliam
1024 2239 1145 2307 partem

150 2315 296 2375 humorem
309 2314 478 2391 avertendo,
496 2322 630 2393 prosunl;
647 2317 671 2374 si
684 2331 741 2372 non
754 2322 818 2374 sunt
831 2321 1021 2390 consequuta,
1032 2329 1145 2373 noxam

149 2409 269 2479 erigent:
293 2401 390 2477 itaque
405 2401 460 2458 nisi
475 2399 504 2457 in
522 2396 623 2476 quibus
639 2407 773 2477 prompte
788 2397 816 2456 id
831 2398 932 2457 iacere
950 2407 1142 2473 consuerunt,
1150 2420 1170 2460 ιι

150 2499 207 2540 non
223 2492 288 2540 sunt
305 2482 474 2548 adhibenda.
507 2481 607 2557 Potui,
632 2484 656 2542 si
672 2481 814 2541 febricula
831 2489 891 2558 est,
915 2498 988 2558 aqua
1002 2500 1080 2560 pura
1097 2499 1144 2542 ca·

150 2565 225 2640 lida,
240 2565 288 2624 vel
305 2583 339 2625 ea
355 2583 429 2644 quae
444 2568 507 2644 ipsa
524 2583 640 2646 quoque
657 2566 831 2642 adstringat,
848 2565 909 2624 dari
922 2565 1022 2624 debet:
1044 2566 1144 2626 sinon

150 2657 210 2723 est,
227 2648 319 2707 viuum
336 2648 418 2725 leve,
434 2658 586 2710 austerum.
616 2651 646 2709 Si
664 2649 794 2728 pluribus
810 2647 911 2709 diebus
926 2647 995 2708 nihil
1010 2650 1142 2709 remedia

149 2731 204 2790 alia
216 2731 367 2808 juverunt,
390 2741 530 2810 vetusque
541 2735 601 2809 iam
617 2735 714 2792 vitium
730 2742 788 2810 est,
815 2751 906 2811 aquae
922 2732 997 2791 bene
1013 2733 1142 2810 frigidae

91 2833 93 2842 ·
150 2817 229 2892 ροιιο
251 2825 374 2875 assumta
391 2816 488 2876 ulcera
503 2816 672 2894 adstringit,
695 2827 724 2876 ιι
739 2819 848 2876 initium
866 2815 1011 2876 secundae
1027 2817 1167 2878 valeta-uo

148 2899 221 2957 dinis
239 2898 317 2960 iacit.
348 2900 406 2959 Sed
421 2899 468 2959 nbi
483 2910 585 2960 venter
601 2909 776 2980 suppressus
790 2909 851 2977 est,
869 2901 999 2979 protinus
1017 2900 1055 2960 ad
1073 2900 1140 2962 cali·

147 2984 210 3040 dam
227 2985 373 3062 potionem
389 2985 591 3044 revertendum
607 2994 660 3044 est.
689 2984 772 3045 Solet
787 2993 881 3044 autem
896 2984 1037 3044 interdum
1053 2986 1140 3045 etiam

149 3069 240 3141 putris
262 3070 375 3143 sanies,
400 3069 577 3147 pessimique
599 3069 698 3128 odoris
719 3067 915 3128 descendere:
945 3067 1024 3130 solet
1047 3086 1139 3146 purus

148 3150 265 3222 sanguis
282 3151 438 3228 profluere.
469 3152 499 3210 Si
515 3153 648 3230 superius
665 3152 762 3211 vilium
781 3160 842 3229 est,
858 3151 939 3210 alvus
954 3169 1029 3230 aqua
1044 3153 1137 3211 mulsa

147 3230 212 3289 duci
228 3231 328 3301 debet;
350 3243 407 3292 tum
425 3235 528 3294 deinde
545 3235 647 3294 eadem
662 3235 788 3312 infundi,
807 3253 880 3313 quae
896 3253 983 3313 supra
999 3253 1134 3314 compre·
1143 3257 1163 3298 ιι

147 3314 236 3374 hensa
262 3325 335 3375 suut.
371 3318 412 3376 Αι
433 3321 467 3376 si
479 3320 597 3395 sanguis
622 3319 755 3398 proiluit,
779 3319 837 3378 cibi
855 3322 1048 3398 potionesque
1068 3337 1135 3379 esse

147 3397 268 3476 debent,
285 3417 357 3478 quae
372 3401 559 3480 adstringant.
