2372 3892
360 205 429 255 orn.
445 205 506 255 vn.
527 205 602 255 car.
618 205 715 256 xxvr.
986 195 1044 258 ³11

50 362 88 425 ld
104 370 261 442 receptum
277 360 352 420 inter
373 359 445 420 duos
465 360 585 438 digitos,
608 333 730 422 indicem
749 378 785 422 ac
805 360 943 440 medium,
959 380 1048 442 super

51 447 169 528 pollice
193 446 329 523 imposito
348 445 390 504 sic
415 445 611 522 deprimebat,
641 453 669 503 nt
694 445 776 505 simul
802 463 864 506 cum
888 465 991 524 carne,
1022 449 1047 507 si

51 532 186 611 quidex
212 528 326 589 calculo
352 528 549 607 prominebat,
579 528 734 588 incideret:
769 546 825 607 quo
849 531 1047 609 consequeba-

49 622 120 690 tur,
153 623 183 673 nt
209 612 310 688 semel,
346 621 478 690 quantum
506 613 575 672 satis
603 621 698 688 esset,
726 615 862 690 aperiret.
903 614 1047 688 Quocum-

22 713 116 777 sqne
133 707 225 758 autern
241 696 326 756 modo
345 697 444 755 cervix
459 696 604 774 patefacta
621 704 681 771 est,
704 696 807 756 leniter
824 697 952 772 extrahi,
970 696 1047 774 quod

51 796 193 864 asperum
208 789 262 856 est,
278 779 377 848 debet;
396 779 483 854 nulla,
499 788 622 858 propter
637 779 863 857 festinationem,
880 782 908 839 vi
923 781 1045 842 admota.

120 866 149 928 3.
169 864 208 924 At
224 862 353 924 calculus
366 879 521 939 arenosus,
537 873 566 922 et
576 871 643 922 ante
656 863 824 923 manifestus
838 871 898 932 est;
915 865 1047 942 quoniam

53 951 140 1010 urina
164 962 279 1027 qnoque
300 946 428 1009 redditur
446 962 582 1006 arenosa:
607 954 637 1004 et
662 947 689 1004 in
710 949 773 1025 ipsa
795 949 956 1016 curatione:
976 965 1047 1024 qno-

51 1035 135 1094 niam
149 1032 223 1091 inter
238 1030 386 1104 subJectos
407 1030 513 1106 digitos
528 1031 625 1107 neque
640 1045 733 1108 aeque
754 1032 901 1106 renititur,
928 1041 957 1091 ct
971 1032 1046 1090 insu·

2 1133 113 1195 sopor
131 1114 272 1175 dilabitur.
302 1113 373 1172 ltetn
389 1113 492 1172 molles
511 1112 655 1189 calculos,
674 1122 702 1172 et
721 1113 903 1191 expluribus
922 1115 1046 1174 minutis·

50 1213 127 1278 que,
147 1199 198 1258 sed
216 1199 288 1257 inter
302 1214 334 1256 se
348 1212 448 1275 paruus
462 1195 615 1272 adstrictis,
637 1199 815 1275 compositos
833 1197 940 1258 indicat
956 1198 1046 1274 urina,

48 1281 176 1343 trahens
192 1280 328 1360 quasdam
343 1281 425 1358 quasi
440 1280 612 1357 squamulas.
640 1279 701 1340 llos
717 1297 835 1357 omnes,
859 1282 962 1341 leuiter
982 1297 1047 1358 per·

49 1366 172 1426 mutatis
189 1363 309 1424 subinde
324 1363 477 1439 digitorum
496 1362 624 1436 vicibus,
641 1365 684 1438 cic
698 1373 814 1440 oportet
830 1363 992 1440 adducere,
1010 1381 1047 1423 ne

39 1450 186 1509 ¹vesicam
202 1447 333 1522 laedant,
348 1463 423 1506 neve
437 1447 512 1506 intus
527 1445 640 1523 aliquae
657 1441 814 1524 dissipatae
829 1446 968 1524 reliquiae
988 1463 1046 1506 ma·

8 1539 161 1608 remeunt,
177 1546 252 1609 quac
267 1530 448 1608 postmodam
463 1530 600 1588 curationi
616 1529 812 1590 difficultatem
828 1530 942 1590 faciant.
960 1529 1046 1605 Quid-

53 1613 129 1695 quid
156 1622 250 1674 autem
269 1631 307 1672 ex
329 1613 374 1673 iris
395 1613 424 1672 iu
448 1620 634 1691 conspectum
658 1613 751 1688 uenit,
779 1612 828 1672 vel
853 1612 967 1690 digitis,
998 1612 1046 1673 uel

51 1693 136 1759 nucu
149 1695 328 1757 eximendum
350 1705 404 1756 est.
433 1694 472 1755 At
487 1697 511 1755 si
526 1696 626 1774 plures
641 1696 745 1756 calculi
763 1705 842 1772 sunt,
859 1696 964 1773 singuli
979 1714 1045 1775 pro

52 1780 134 1842 trahi
147 1779 268 1848 debeam
291 1781 334 1840 sic
353 1789 463 1854 tamen,
486 1787 516 1839 ut
540 1779 563 1838 si
588 1780 650 1857 quia
667 1781 790 1856 exiguus
805 1782 964 1860 supererit,
994 1797 1046 1859 po·
1118 1827 1122 1830 .

53 1865 116 1924 tius
147 1861 337 1940 relinquatur:
369 1863 509 1941 siquidem
536 1863 565 1922 in
598 1863 696 1924 uesica
720 1862 874 1923 difficulter
894 1865 1045 1937 invenitur,

7 1949 251 2024 adinventusque
282 1946 419 2007 celeriter
439 1945 548 2023 effugit.
593 1945 636 2006 lta
664 1946 751 2022 longa
785 1948 969 2025 inquisitione
996 1965 1045 2006 ve·

54 2031 122 2092 sica
149 2030 288 2106 laeditur,
318 2031 482 2107 excitatque
511 2028 748 2088 inflammationes
776 2030 954 2098 mortiferam
998 2028 1045 2090 ad·

55 2131 98 2174 eo
119 2121 148 2173 ut
170 2113 284 2191 quidum
302 2116 389 2188 secti,
406 2131 491 2190 quum
503 2112 549 2172 diu
570 2112 734 2189 frustraque
752 2129 805 2190 per
823 2113 931 2188 digitos
948 2115 1046 2172 uesica

56 2205 140 2258 esset
154 2197 270 2273 agitata,
289 2196 478 2256 decesserint.
508 2195 615 2270 Quibus
637 2195 750 2254 accedit
772 2197 869 2271 etiam,
894 2195 971 2272 quod
985 2185 1045 2254 eiri-

55 2298 136 2358 guus
150 2281 277 2340 calculus
293 2279 329 2339 ad
350 2279 465 2357 plagam
485 2280 565 2338 urina
583 2287 685 2356 postca
712 2288 913 2356 promovetur,
942 2285 970 2336 et
994 2295 1044 2336 ex·

8 2378 45 2420 aa
57 2363 141 2424 cidit.
170 2362 199 2423 Si
216 2363 328 2442 quando
345 2372 438 2423 autem
453 2364 477 2421 is
499 2363 590 2437 major
605 2378 663 2421 non
681 2362 794 2421 videtur
808 2363 861 2420 nisi
876 2370 959 2440 rupta
982 2377 1044 2422 cer·

54 2448 127 2507 vice
144 2447 255 2506 extrahi
273 2463 376 2525 posse,
392 2445 539 2506 findendus
554 2454 613 2504 est:
631 2446 711 2520 cujus
721 2455 854 2523 repertor
868 2444 1045 2520 Ammonius,

55 2529 100 2591 ob
115 2529 143 2590 id
158 2527 337 2608 λιθοτόμος
353 2532 571 2606 cognominatus
585 2538 640 2588 est.
670 2528 702 2589 ld
717 2527 773 2588 hoc
786 2529 871 2588 modo
886 2529 931 2588 iit:
948 2529 1047 2588 Uncus

54 2615 184 2690 injicitur
202 2614 313 2674 calculo
331 2613 390 2691 sic,
406 2621 435 2672 ut
448 2612 533 2673 facile
546 2629 609 2672 eum
625 2629 794 2672 concussum
808 2629 921 2692 quoque
937 2620 1045 2686 terreat,

56 2713 97 2758 ne
116 2700 140 2756 is
157 2707 236 2759 retro
253 2697 433 2758 revolvatur:
448 2705 505 2755 turn
521 2695 723 2756 ferramentum
746 2696 896 2756 adhibetur
912 2697 1045 2755 crassitu-

11 2799 45 2840 ao
57 2781 135 2842 dinis
151 2782 298 2858 modicae,
315 2783 404 2860 prima
419 2789 500 2858 parte
516 2780 602 2856 tenui,
618 2779 670 2840 sed
686 2789 797 2853 retusa,
815 2779 891 2857 qnod
905 2779 1046 2838 admotum

56 2865 194 2941 calculo,
209 2873 238 2924 et
252 2881 290 2931 ex
301 2864 389 2924 altera
405 2873 487 2941 parte
502 2865 594 2939 ictum,
613 2879 677 2922 eum
690 2864 781 2930 dodim
798 2879 900 2937 magna
915 2878 982 2920 cura
996 2859 1045 2918 ha·

55 2949 136 3023 bita,
158 2965 195 3006 ne
215 2956 263 3007 aut
285 2947 320 3008 od
340 2949 431 3026 ipsam
455 2947 580 3006 vesicam
603 2945 803 3007 ferramentum
818 2945 983 3021 perveniat,
998 2950 1046 3001 aut

56 3031 166 3092 calculi
182 3032 305 3091 fractura
319 3048 355 3090 ne
372 3029 438 3108 quid
455 3029 570 3090 incidat.

122 3116 152 3176 4.
174 3114 235 3174 llac
260 3131 330 3174 vero
343 3115 505 3173 curationes
526 3115 554 3172 in
577 3113 688 3192 feminis
704 3127 819 3188 qnoque
840 3108 946 3168 similes
962 3117 1043 3178 suut;

13 3222 45 3264 ss
58 3197 98 3258 de
114 3197 217 3276 quibus
235 3206 329 3258 tamen
344 3195 463 3276 proprie
478 3197 615 3275 quaedam
631 3194 751 3254 dicenda
767 3202 840 3252 sunt.
856 3193 1000 3269 Siquidem
1017 3194 1046 3252 in

55 3282 119 3357 lais,
135 3280 184 3340 ubi
197 3281 332 3360 parvulus
347 3279 475 3340 calculus
491 3288 552 3355 est,
582 3275 740 3356 scalpellus
765 3293 961 3354 supervacuus
985 3285 1043 3342 est;

57 3359 128 3443 qula
144 3366 170 3423 is
187 3366 265 3424 urina
280 3367 308 3424 in
325 3363 467 3424 cervicem
485 3359 682 3440 compellitur;
699 3378 772 3439 quae
789 3369 817 3420 et
832 3359 948 3420 brevior
962 3373 1045 3434 quam

56 3449 88 3511 iu
104 3444 241 3525 maribus,
262 3456 291 3508 et
309 3447 403 3510 laxior
417 3457 471 3508 est.
502 3445 583 3524 Ilugo
599 3455 628 3505 et
640 3463 691 3525 per
708 3463 741 3506 se
761 3461 850 3523 saepe
874 3441 995 3514 excidit,
1016 3446 1046 3497 ct
