2372 3892
51 145 56 156 '
135 162 196 225 242
423 169 830 221 n.c.crr1.s1usorcnrsu

196 331 224 388 4.
253 329 284 388 Si
305 328 420 389 sordida
442 343 558 406 quoque
578 326 677 386 ulcera
693 334 773 402 sunt,
793 324 899 384 melius
913 324 1015 384 mulso
1033 325 1138 384 cluna-

134 423 192 480 tur;
217 421 246 471 et
269 420 326 471 tum
347 412 464 490 aliquod
484 428 522 472 ex
544 411 593 487 iis,
615 427 691 489 quae
712 426 798 487 supra
815 410 924 487 scripta
942 418 1032 485 sunt,
1055 410 1139 487 quod

134 495 195 556 mel
207 495 327 571 habeat,
351 495 512 555 infunditur.
548 496 578 554 Si
593 495 685 570 magis
700 511 754 572 pos
769 491 900 570 produit,
924 501 956 551 ει
972 502 1069 570 caput
1085 495 1138 554 uti

133 598 190 659 que
207 579 380 640 tondendum
394 588 455 653 εει,
479 587 509 637 ει
524 577 611 638 ιιιιιΙιιι
627 577 719 637 calida
734 593 807 656 aqua
823 575 1086 654 perfundendum,
1111 585 1140 636 et

134 662 386 740 gargarizandum,
414 670 443 720 et
463 679 556 739 usque
577 660 612 720 ad
635 660 831 719 lassitudinem
851 659 1084 734 ambulandum,
1112 669 1155 720 ειι

133 748 198 807 cibo
217 747 330 806 modico
345 746 478 806 utendum
495 754 549 804 εει.
575 746 606 804 Si
623 761 708 803 cruor
723 760 838 821 quoque
853 761 891 802 ex
907 743 1072 802 ulceribus
1088 761 1135 821 ap

132 833 242 910 paruit,
264 831 369 904 lycium
392 845 455 888 oum
477 829 552 888 lactc
575 827 663 888 debet
684 827 806 895 infundi;
828 826 875 886 vel
895 844 993 905 aqua,
1021 827 1055 886 in
1082 844 1136 904 qua

132 933 201 974 rosa
217 914 338 973 decocta
355 914 407 989 sit,
430 929 518 972 succo
536 921 583 971 aut
599 910 708 970 herbae
724 910 916 986 sanguinalis,
940 919 993 969 aut
1010 914 1135 970 acaciae

133 999 258 1073 adjecto.
297 996 428 1068 Quodsi
450 1013 539 1073 super
556 994 655 1054 ulcera
677 1012 746 1054 caro
771 995 910 1068 increvit,
940 1011 1048 1072 eaque
1070 995 1136 1052 mali

133 1081 231 1138 odoris
256 1081 364 1138 saniem
387 1079 494 1156 fundit,
517 1097 591 1157 aqua
613 1079 710 1156 tepida
730 1079 788 1138 elui
809 1076 909 1143 debet;
931 1086 994 1136 tum
1021 1079 1158 1138 infundin

133 1163 176 1238 id,
202 1163 279 1240 quod
300 1181 337 1221 ex
359 1171 422 1221 ture
443 1173 472 1222 et
490 1164 628 1240 aerugine
644 1170 674 1221 ει
688 1171 773 1221 aceto
788 1170 816 1221 ει
831 1160 918 1220 melle
935 1162 982 1229 tit;
1007 1171 1064 1221 aut
1080 1162 1136 1220 mel

133 1263 195 1305 cum
221 1248 358 1322 aerugine
379 1247 532 1307 incoctum.
570 1247 693 1324 Squama
716 1263 832 1323 quoquc
847 1245 922 1304 aeris
939 1263 1009 1304 cum
1029 1245 1135 1305 sanda-

131 1329 220 1388 racha
236 1332 358 1389 contrita
377 1345 429 1406 per
447 1331 568 1390 listularu
583 1338 664 1389 recte
679 1330 840 1390 instillatur.

196 1415 224 1471 5.
246 1413 302 1473 Ubi
319 1430 390 1472 vero
405 1432 520 1474 vermes
537 1414 592 1472 orti
608 1420 690 1487 sunt,
706 1414 731 1471 si
741 1415 824 1488 juxta
839 1420 917 1488 sunt,
931 1412 1133 1489 protrahendi

56 1503 60 1510 '
134 1496 289 1556 oriculario
306 1497 430 1574 specillo
448 1505 526 1556 sunt:
550 1499 573 1556 si
591 1497 721 1573 longius,
736 1497 954 1556 medicamentis
966 1496 1131 1562 enecandi;
1142 1515 1157 1552 u

135 1581 349 1659 cavendumque
374 1598 411 1639 nc
436 1591 538 1659 postea
557 1588 720 1640 nascantur.
757 1579 803 1638 hd
826 1589 979 1657 utrumque
1008 1581 1133 1658 prolicit

133 1665 226 1724 album
249 1674 391 1724 veratrum
414 1681 477 1724 oum
498 1674 583 1724 aceto
606 1665 766 1723 contritum.
799 1663 864 1722 Elui
887 1679 1009 1741 quoque
1031 1681 1132 1723 aurern

133 1756 251 1824 oportet
276 1750 359 1823 vino,
390 1749 417 1806 in
440 1764 501 1846 quo.
521 1746 693 1806 marrubium
720 1748 871 1808 decoctum
897 1747 943 1805 sit.
990 1746 1062 1806 Sub
1090 1747 1132 1805 his

132 1831 253 1889 emortui
274 1848 389 1889 vermes
409 1833 437 1889 in
458 1833 575 1909 primam
596 1831 671 1890 auris
694 1840 805 1910 partem
820 1830 1032 1908 prolabuntur,
1056 1830 1131 1889 unde

131 1913 264 1972 laoillime
280 1907 362 1974 educ'i
379 1923 509 1993 possunt.
1135 1936 1153 1974 n

193 1997 220 2056 6.
252 1998 301 2056 Sin
324 1997 452 2058 loramen
475 2000 550 2059 auris
571 2015 769 2076 compressum
790 2006 850 2074 εει,
873 2006 903 2057 ει
921 1999 996 2056 ιἰιιιιε
1018 2017 1124 2059 crassa

130 2081 225 2140 sanies
251 2080 364 2157 subest,
393 2081 449 2140 mol
476 2099 558 2159 quam
584 2083 719 2158 optimum
746 2081 902 2142 addendum
928 2089 984 2141 εει
1036 2083 1071 2141 Si
1097 2081 1123 2140 id

130 2173 229 2244 par'um
252 2164 381 2242 prolicit,
412 2165 504 2224 mellis
530 2165 634 2240 cyatho
656 2174 685 2225 et
706 2164 836 2240 dimidio,
867 2165 1018 2240 aeruginis
1044 2183 1129 2226 rasae

129 2250 199 2390 l...)
204 2246 559 2408 itthl¹lttll.it
572 2249 1152 2408 hillidiitillililllmi.

129 2416 186 2492 )·.(
203 2429 238 2473 ιι.
243 2416 387 2488 myrrhae
403 2425 432 2474 et
447 2415 525 2475 lellis
539 2417 657 2490 taurini,
675 2355 851 2493 hogulorum
867 2435 894 2496 p
911 2417 968 2493 )-(.
988 2433 1003 2474 ι
1021 2436 1052 2476 z.
1071 2351 1127 2475 sihi

131 2507 264 2574 quantum
283 2499 353 2557 satis
368 2507 413 2556 εει
427 2498 462 2558 ad
481 2499 623 2573 myrrham
639 2459 810 2561 diluendam.

192 2583 220 2638 7.
245 2579 302 2638 Ubi
323 2596 394 2638 uero
410 2584 525 2657 gravius
541 2583 645 2660 aliquis
659 2584 757 2644 audire
772 2584 885 2662 coepit,
904 2582 981 2682 quod
995 2585 1128 2642 maxime

42 2701 44 2704 -
132 2671 197 2741 post
222 2662 327 2737 longos
352 2665 455 2740 capitis
481 2664 600 2726 dolores
621 2669 739 2726 evenire
766 2669 934 2741 consuevit,
965 2668 994 2725 in
1021 2669 1126 2745 primis

129 2763 227 2806 aurem
248 2747 340 2823 ipsam
361 2747 547 2808 considerare
570 2759 703 2828 oportet:
724 2749 878 2830 apparebit
893 2749 967 2809 enim
988 2759 1041 2809 aut
1060 2768 1150 2810 cru-at

130 2839 189 2905 sta,
216 2829 308 2908 qualis
329 2847 418 2909 super
438 2831 561 2892 ulcera
553 2835 724 2909 innascitur
747 2843 795 2894 aut
811 2833 937 2894 sordium
951 2835 1062 2892 cortus
1094 2833 1124 2892 Si

129 2923 224 2975 crusta
247 2923 307 2990 est,
335 2914 538 2975 infundendum
564 2927 609 2976 εει
634 2927 681 2977 aut
706 2917 801 2976 oleum
821 2918 958 2995 calidum,
985 2927 1037 2978 aut
1060 2934 1124 2977 cum
1181 2969 1182 2990 ,

127 2991 214 3058 rhelle
239 3015 367 3074 aerugo,
389 2999 437 3058 vel
460 3001 538 3077 porri
562 3018 683 3075 succus,
705 3010 753 3060 aut
774 3019 838 3060 cum
858 3001 1035 3060 mulsonitri
1052 3019 1121 3098 pau·

128 3080 198 3139 lum:
221 3091 306 3159 atque
327 3082 374 3141 nbi
392 3091 487 3142 crusta
506 3099 522 3140 a
539 3100 664 3161 corpore
674 3085 735 3159 J'am
750 3085 878 3160 recedit,
901 3083 1025 3144 eluenda
1042 3085 1121 3144 auris

129 3179 201 3238 aqua
226 3163 323 3239 tepida
345 3174 404 3232 est;
428 3183 484 3244 quo
506 3165 619 3226 lacilius
642 3185 678 3227 ea
699 3185 753 3245 per
773 3185 806 3227 εε
829 3130 943 3228 diducta
958 3168 1148 3228 oricularios

128 3243 252 3322 specillo
268 3247 459 3322 protrahatur.
478 3250 508 3309 Si
526 3249 629 3308 sordes
640 3267 779 3328 ,eaeque
793 3251 899 3312 molles
913 3260 994 3327 suut,
1012 3250 1118 3310 ecdem

128 3327 254 3424 specillo
275 3329 442 3390 eximendae
464 3341 544 3392 sunt:
570 3343 599 3392 at
619 3335 643 3393 ai
666 3333 754 3394 durae
776 3342 858 3409 sunt,
880 3344 993 3394 acetum
1009 3341 1119 3393 etcum

129 3429 164 3473 eo
189 3410 255 3470 nitri
277 3411 390 3488 paulum
414 3416 625 3491 conjiciendum
640 3426 699 3486 est;
695 3433 874 3506 quumque
879 3417 1025 3478 emollitae
1042 3424 1116 3493 ειιιιι,
