2444 3904
343 247 786 298 urs.1.cne.vu.vr11.1x.
1020 237 1059 297 25

63 408 134 476 post
150 398 264 471 orbum
286 417 416 477 magnam
433 405 595 480 potionem,
615 405 681 476 sed,
704 414 835 484 utsupra
852 406 925 480 drxr,
948 422 1001 484 per
1024 406 1061 462 si·
1144 437 1149 452 ·

64 483 211 561 pisonem:
229 484 332 543 deinde
348 503 448 545 omnes
462 489 594 564 potiones
611 505 682 566 aqua
701 489 801 564 frigida
820 491 978 554 includere
1009 487 1061 548 Cui

64 585 137 626 vero
167 567 250 627 cibus
275 571 403 644 acescit,
432 571 457 628 is
482 581 546 629 ante
574 590 637 630 eum
664 571 765 631 bibere
791 591 893 651 equam
919 572 1062 650 egelidam

66 651 171 724 dehet,
193 661 222 710 et
235 668 371 713 vomere:
388 663 417 713 nt
432 654 455 712 si
471 657 516 714 cui
532 673 568 713 ex
586 655 642 714 lroc
658 656 794 734 frequens
810 657 936 732 deiectio
952 657 1061 732 incidit,

45 739 182 813 equoties
198 735 280 795 alvus
293 738 320 796 ei
333 739 510 813 constiterit,
524 739 628 816 frigida
643 742 759 816 potione
770 742 946 819 potissimum
958 749 1060 800 utatur.

426 975 607 1037 CAPUT
639 977 705 1036 IX.

152 1091 187 1140 Do
205 1091 294 1140 dolore
312 1106 447 1142 nervorum
467 1093 538 1142 etde
557 1094 686 1144 affectibus
705 1094 795 1143 caloris
815 1092 977 1159 frigorisque.

28 1299 31 1303 ,
134 1243 163 1302 Si
180 1244 226 1302 cni
245 1260 317 1302 vero
334 1244 436 1304 dolere
451 1247 534 1304 nervi
554 1245 665 1320 solent,
693 1243 768 1323 quod
782 1247 810 1304 in
826 1243 956 1324 podagra
973 1245 1062 1304 chira-

67 1343 159 1403 grave
178 1344 248 1386 esse
265 1330 414 1388 consuevit
431 1329 484 1406 (ci.
504 1329 540 1404 ll,
559 1331 589 1397 7;
607 1329 656 1403 lV,
674 1329 740 1409 24),
757 1329 833 1404 huic,
850 1339 981 1408 quantum
1001 1329 1063 1388 sreri

35 1427 58 1466 ro
68 1420 182 1490 potest,
199 1413 393 1472 exercendum
404 1414 431 1473 id
448 1422 507 1489 est,
532 1413 608 1492 quod
622 1413 755 1473 allectum
767 1423 827 1488 est,
844 1413 1064 1491 subjiciendum·

67 1514 122 1574 que
136 1495 234 1554 labori
249 1504 279 1554 et
289 1495 405 1572 frigori;
423 1499 478 1556 nisi
493 1515 577 1575 quum
590 1499 674 1558 dolor
684 1499 819 1567 increvit3
838 1499 891 1557 snb
907 1515 964 1577 quo
982 1498 1064 1575 quies

70 1581 176 1658 optima
194 1588 249 1638 est.
282 1579 381 1640 Venus
404 1598 520 1659 semper
536 1582 648 1641 inimica
667 1591 726 1650 est;
751 1585 923 1658 concoctio,
946 1583 1019 1641 sicut
1036 1582 1064 1638 in

70 1663 201 1722 omnibus
224 1667 357 1740 corporis
381 1664 546 1740 affectibus,
572 1668 748 1725 necessaria.
784 1664 919 1726 Cruditas
941 1666 1015 1724 enim
1036 1664 1065 1724 id

67 1749 192 1807 maxime
208 1747 311 1824 laedit,
328 1757 358 1807 et
375 1751 488 1827 quoties
510 1749 650 1809 offensum
673 1767 780 1829 corpus
796 1760 856 1827 est,
875 1751 979 1810 vitiose
997 1765 1066 1828 pars

35 1834 193 1890 semaxime
209 1832 306 1890 sentit.

127 1915 168 1994 Ut
194 1917 347 1975 concoctio
365 1924 466 1976 autern
488 1918 617 1978 omnibus
638 1919 713 1977 vitiis
739 1919 881 1994 occurrit,
903 1920 946 1978 sic
965 1935 1065 1978 rursus

68 2001 132 2060 aliis
147 1997 258 2074 frigus,
281 2000 343 2060 aliis
360 2001 455 2060 calor:
481 2019 555 2079 quae
570 2004 654 2080 sequi
670 2004 791 2081 quisque
814 2019 867 2080 pro
884 2002 980 2061 habitu
1001 2018 1065 2061 cor·

68 2085 150 2162 poris
173 2085 218 2146 sui
236 2083 331 2143 debet.
367 2084 471 2162 Frigus
492 2086 634 2144 inimicum
656 2095 701 2144 est
721 2087 800 2161 seni,
823 2087 918 2162 tenui,
941 2086 1064 2160 vulneri,

67 2167 268 2246 praecordiis,
291 2169 450 2243 intestinis,
475 2171 610 2245 vesicae,
638 2169 770 2245 auribus,
801 2171 899 2244 coxis,
926 2169 1065 2247 scapulis,

35 2251 264 2328 nonaturalihus,
291 2253 422 2328 ossibus,
453 2251 600 2329 dentibus,
626 2255 739 2326 nervis,
769 2252 891 2330 vulvae,
926 2253 1064 2312 cerebro:

69 2337 144 2413 idem
157 2353 294 2396 summam
310 2345 403 2396 cutem
421 2335 491 2395 iacit
502 2336 654 2414 pallidam,
673 2337 795 2410 aridam,
812 2337 924 2412 duram,
940 2337 1065 2412 nigram

74 2437 111 2477 ex
121 2419 175 2478 hoc
187 2419 343 2497 horrores,
356 2431 557 2500 tremoresque
570 2429 724 2480 nascuntur
740 2417 834 2498 (Aple.
849 2420 891 2495 V,
906 2421 943 2482 18
957 2429 985 2478 et
997 2419 1064 2497 20).

70 2503 112 2562 At
124 2504 246 2582 prodest
262 2504 432 2580 juvenibus,
455 2513 483 2564 et
500 2504 629 2564 omnihus
652 2504 763 2583 plenis:
786 2505 970 2582 erectiorque
985 2519 1067 2562 mens

69 2597 129 2665 est,
148 2597 178 2647 et
196 2589 298 2648 melius
313 2590 516 2667 concoquitur,
532 2589 581 2648 ubi
596 2589 687 2666 frigus
704 2588 817 2667 quidem
834 2598 890 2664 est,
909 2589 961 2648 sed
981 2605 1066 2647 cave·

35 2681 122 2731 atur.
149 2672 236 2751 Aqua
247 2690 320 2732 vero
331 2673 435 2749 frigida
450 2674 559 2748 inlusa,
576 2683 777 2751 praeterquam
792 2675 893 2754 capiti,
911 2675 996 2733 etiam
1008 2680 1066 2730 sto·

67 2755 172 2816 macho
190 2757 327 2834 prodest:
346 2759 413 2816 item
430 2759 556 2817 articulis
575 2757 833 2837 doloribusque¹),
850 2759 898 2836 qui
920 2766 983 2817 suut
1005 2757 1067 2814 sine

5 2907 7 2918 Ι
66 2839 234 2900 ulceribus:
251 2843 320 2900 rtem
334 2841 498 2900 rubicundis
513 2860 595 2901 uunrs
610 2841 787 2916 homrmbus
806 2862 830 2902 sr
823 2842 950 2901 dolore
964 2847 1068 2899 vacant

68 2922 166 3002 (Aple.
186 2923 212 2982 V
219 2923 309 3008 ,25).
348 2922 435 2984 Calor
453 2935 546 2985 autem
562 2926 608 3002 adj
612 2935 677 2986 uvat
692 2929 801 3000 omnia,
825 2943 900 3004 quae
921 2924 1034 3001 frigus
1026 2941 1067 2980 m·

67 3008 175 3066 festat.
202 3011 270 3067 item
292 3009 464 3108 lippientes,
493 3011 518 3069 si
543 3029 598 3069 nec
618 3010 719 3083 dolor,
745 3027 800 3068 nec
825 3011 961 3068 lacrimae
988 3015 1066 3074 suum
1154 3017 1157 3030 ·

35 3109 178 3150 sonervos
194 3109 326 3170 quoque,
345 3095 392 3170 qui
409 3095 613 3158 contrahuntur
630 3054 724 3170 (Aptt'.
742 3092 769 3150 V
777 3093 872 3172 2,2;)
896 3093 1067 3192 praecipue·

68 3194 126 3252 que
147 3195 183 3235 ea
198 3177 314 3251 ulcera,
334 3195 407 3255 quae
423 3195 461 3236 err
475 3178 585 3255 frigore
602 3187 680 3292 sapt:
697 3177 771 3236 idern
788 3179 921 3257 corporis
938 3177 1068 3235 colorem

67 3319 311 3330 -ι--ι-ι-αι

140 3397 168 3456 1)
189 3397 224 3446 Id
238 3408 291 3449 eat·
320 3402 378 3448 item
393 3397 419 3444 iu
432 3398 594 3452 articulorum
606 3397 745 3480 tumqribus
759 3395 944 3460 doloribusque.
965 3395 1065 3457 InApd.

70 3463 191 3598 llpgqqqul
201 3455 586 3583 ξὰέναρθροισιοίὸήματα
601 3461 648 3513 και
660 3455 813 3530 αλγηματα
826 3481 851 3515 u.
864 3481 888 3514 τ.
903 3463 925 3512 λ.
949 3463 981 3512 ci
993 3464 1028 3522 ΙΙ,
1042 3461 1067 3523 7,
