2372 3892
108 149 168 214 318
399 158 432 206 u.
448 155 478 205 c.
496 155 595 206 cnusr
610 153 804 205 uenrcruura

107 317 183 376 latim
200 331 263 374 eum
279 311 415 373 educere.
446 309 574 370 'lrabere
590 318 683 370 autem
698 309 798 369 dextra
811 325 911 369 manus
927 325 1054 376 uncnm3
1069 307 1106 366 si·

107 402 195 459 nistra
216 400 289 458 intus
310 398 405 475 posita
429 395 688 472 iniantemipsum,
717 393 858 472 simulque
883 393 1018 469 dirigere
1044 409 1107 450 eum

107 482 204 542 debet.
233 481 316 540 Solet
331 482 415 539 etiam
432 479 564 554 evenire,
579 487 609 536 ut
623 479 648 537 is
663 477 757 536 inians
772 477 892 536 humore
909 475 1107 551 distendatur,

108 583 202 644 exque
217 581 253 624 eo
268 563 391 644 profluat
405 563 483 623 ioedi
500 559 597 620 odoris
610 562 714 620 sanies.
733 561 817 635 Quod
834 561 857 619 si
869 560 929 620 tale
943 559 1108 635 est,indicc

107 649 197 728 digito
210 665 317 726 corpus
326 646 396 708 illud
409 645 556 706 iurandum
569 654 623 721 est,
633 654 662 704 ut
672 645 764 705 eduso
777 644 896 704 humore
908 651 1126 711 extenuetum

107 743 164 794 tum
177 732 205 792 id
216 733 319 792 leniter
332 749 386 810 per
398 731 477 810 ipsas
488 745 586 789 manus
601 728 797 807 recipiendum
806 736 864 794 est;
881 745 948 788 nam
961 729 1106 786 uncusin·

103 819 200 894 jactus
208 816 304 875 hebeti
317 813 490 892 corpusculo
503 812 591 873 iacile
603 812 741 872 elabitur:
763 815 791 872 in
807 830 874 891 quo,
892 811 961 890 quid
979 810 1107 888 periculi

107 904 153 976 sit,
169 917 256 978 supra
271 901 393 978 positum
410 906 462 958 est.
482 897 513 957 ln
527 895 618 974 pedes
630 913 745 974 quoque
758 913 917 956 conversus
934 895 1036 954 inians
1051 911 1107 953 non

108 983 263 1044 diidculter
279 982 451 1048 extrahitur:
480 980 583 1059 quibus
606 981 798 1058 apprehensis
824 997 877 1061 per
898 981 980 1058 ipsas
1003 996 1107 1038 manns

108 1066 257 1127 commode
272 1065 411 1124 educitur.
440 1066 470 1124 Si
487 1081 558 1126 tero
575 1073 757 1124 transversus
769 1072 823 1138 est,
837 1081 873 1122 ne
894 1081 933 1122 uc
945 1062 1038 1139 dirigi
1053 1079 1104 1140 po·
1114 1083 1135 1123 ts

108 1151 169 1223 tuit,
185 1162 273 1207 uncus
290 1147 355 1207 alae
368 1147 548 1224 injiciendus,
559 1146 751 1226 paulatimque
766 1145 876 1206 attrahe
916 1165 952 1205 us
969 1155 1028 1205 est.
1047 1145 1106 1205 Sub

108 1249 165 1310 quo
180 1231 243 1290 iere
259 1231 359 1290 cervix
373 1232 540 1310 replicatur,
556 1240 693 1308 retroque
715 1239 800 1310 caput
811 1231 847 1290 ad
867 1229 1016 1308 reliquum
1042 1247 1106 1289 cor·

108 1333 162 1394 pus
181 1322 304 1392 spectat.
332 1314 472 1375 liemedio
499 1324 554 1392 est,
582 1315 682 1374 cervix
709 1316 857 1393 praecisa;
886 1323 916 1373 ut
942 1313 1105 1392 separatim

108 1407 228 1476 utraque
244 1416 311 1476 pars
328 1399 480 1459 auferatur.
509 1398 541 1459 ld
558 1416 631 1457 unco
647 1399 693 1474 fit,
710 1399 768 1477 qui,
786 1398 876 1476 priori
891 1397 1003 1473 similis,
1022 1399 1051 1456 in
1066 1399 1105 1456 in-

107 1483 218 1542 teriore
243 1491 348 1542 tantum
370 1491 453 1560 parte
478 1501 531 1562 per
556 1491 644 1542 totam
666 1485 756 1542 aciem
782 1483 940 1541 exacuitur.
974 1481 1050 1540 lum
1077 1479 1103 1539 id
1113 1503 1133 1542 a

107 1565 249 1643 agendum
268 1575 328 1644 est,
345 1574 375 1625 ut
390 1575 455 1626 ante
474 1575 570 1645 caput,
591 1565 694 1626 deinde
714 1564 826 1643 reliqua
843 1583 912 1644 pars
932 1565 1104 1625 auferatur:

109 1652 173 1727 quia
200 1649 280 1724 iere,
302 1650 412 1724 maiore
434 1659 516 1729 parte
536 1657 680 1725 extracta,
702 1658 788 1727 caput
807 1649 836 1708 iu
849 1667 971 1710 uacuam
986 1649 1105 1708 vulvam

108 1732 280 1810 prolabitur,
302 1733 473 1812 extrahique
492 1735 553 1793 sine
571 1749 678 1792 summo
697 1732 827 1811 periculo
851 1751 908 1792 non
929 1741 1045 1812 potest.
1075 1733 1104 1792 Si

108 1825 202 1876 tamen
231 1815 258 1874 id
284 1817 398 1891 incidit,
424 1835 513 1896 super
527 1825 657 1876 ventrem
677 1816 803 1884 mulieris
819 1815 926 1896 duplici
942 1817 1103 1895 panniculo

107 1899 229 1975 injecto,
252 1899 353 1959 valens
375 1899 478 1978 homo,
498 1918 555 1960 non
576 1900 739 1979 imperitus,
761 1901 909 1960 asinistro
926 1901 1023 1960 latere
1040 1902 1130 1976 ejusso

107 1981 194 2042 debet
210 1983 363 2059 assistere,
380 1993 409 2043 et
424 2002 512 2062 super
525 1985 607 2043 imum
623 1991 751 2042 ventrem
765 1984 828 2058 ejus
843 1984 920 2044 duas‘
930 2003 1036 2044 manus
1054 1987 1102 2044 im·
1177 2045 1179 2066 ὲ

108 2083 229 2144 ponere,
245 2067 394 2144 alteraque
410 2068 528 2128 alteram
550 2085 698 2146 premere:
725 2068 845 2146 quoiit,
867 2076 897 2127 ut
919 2067 992 2128 illud
1013 2076 1102 2146 caput
1177 2067 1179 2132 l

105 2151 141 2210 ad
156 2169 189 2210 os
205 2150 309 2210 vulvae
326 2151 529 2229 compellatur:
551 2151 637 2228 idque
652 2150 753 2210 eadem
774 2153 897 2226 ratione,
914 2169 991 2231 quae
1011 2169 1102 2230 supra
1177 2137 1179 2256 l

107 2235 201 2312 posita
217 2243 277 2311 est,
293 2251 367 2294 unco
384 2235 551 2295 extrahitur.
580 2235 619 2294 At
643 2235 667 2293 si
691 2251 744 2313 pes
766 2235 839 2294 alter
856 2235 946 2310 juxta·
961 2245 1102 2314 repertus
1177 2259 1179 2314 q

106 2329 161 2393 est,
188 2318 262 2377 alter
284 2327 364 2378 retro
384 2337 447 2378 cum
464 2335 589 2398 corpore
611 2327 669 2395 est,
690 2318 825 2396 quidquid
848 2327 1027 2398 protractum
1046 2328 1128 2394 estus
1177 2315 1179 2322 ’

105 2402 239 2479 paulatim
256 2402 479 2462 abscindendum
494 2411 554 2462 est:
584 2411 626 2479 et,
651 2404 673 2461 si
691 2403 791 2460 clunes
808 2420 842 2461 os
861 2402 969 2462 vulvae
990 2421 1102 2480 urgere

107 2494 275 2560 coeperunt,
292 2486 392 2544 iterum
407 2496 485 2545 retro
497 2484 683 2564 repellendae
699 2495 773 2561 sunt,
790 2488 1030 2564 conquisitusque
1047 2504 1101 2564 pes

106 2568 169 2640 ejus
196 2567 390 2627 adducendus.
420 2569 563 2648 Aliaeque
591 2571 741 2630 etiamnum
765 2569 951 2630 difficultates
977 2570 1099 2646 iaciunt,

104 2659 144 2724 ut,
162 2651 209 2727 qui
225 2649 333 2709 solidus
355 2667 411 2710 non
427 2655 501 2726 exit,
520 2654 654 2713 concisus
670 2653 756 2712 eximi
770 2653 883 2712 debeat.
910 2654 1036 2729 Quoties
1052 2672 1099 2713 au·

104 2743 161 2794 tem
176 2734 268 2794 inians
285 2743 446 2812 protractus
462 2745 524 2814 cst,
537 2737 690 2797 tradendus
704 2736 831 2796 ministro
845 2745 899 2796 est.
927 2737 956 2796 ls
972 2755 1041 2796 eum
1054 2743 1128 2797 suti
1177 2727 1179 2790 l

104 2821 182 2898 pinis
205 2817 334 2879 manibus
349 2821 505 2886 sustinere;
534 2820 661 2880 medicus
682 2819 785 2879 deinde
811 2821 924 2880 sinistra
946 2837 1034 2880 manu
1058 2821 1098 2880 le

103 2905 178 2962 niter
198 2903 314 2964 trahere
337 2903 499 2963 umbilicum
521 2903 608 2964 debet
630 2905 685 2978 ita,
701 2921 738 2962 ne
754 2903 918 2982 abrumpat,
936 2903 1099 2982 dextraque

104 3003 168 3046 eum
183 2991 264 3066 sequi
280 3007 371 3068 usque
389 2988 506 3065 adeas,
524 3005 595 3065 quas
611 2986 752 3046 secundas
767 2997 892 3063 vocant,
917 2986 997 3066 quod
1018 2989 1097 3047 vela
1178 3061 1179 3064 Ἴ

103 3079 225 3128 mentum
236 3071 350 3130 infantis
366 3075 439 3132 intus
451 3072 517 3140 iuit;
541 3071 644 3148 hisque
658 3071 762 3130 ultimis
778 3071 988 3150 apprehensis,
1007 3089 1096 3131 renu-

102 3149 146 3208 las
165 3152 431 3234 membranulasque
448 3173 546 3216 omues
562 3154 661 3214 eadem
683 3155 794 3214 ratione
812 3171 895 3215 manu
919 3154 1059 3214 diducere
1079 3164 1123 3212 att

103 3233 204 3308 uulua,
222 3243 368 3313 totumque
387 3238 457 3298 illud
480 3237 650 3313 extrahere,
674 3246 703 3296 et
718 3240 742 3298 si
759 3238 826 3316 quid
846 3239 921 3298 ictus
941 3247 1094 3318 praetcrea

104 3319 233 3375 concreti
249 3319 396 3390 sanguinis
414 3329 551 3379 remanet.
581 3321 651 3380 Turn
667 3323 843 3399 compressis
864 3323 891 3381 in
912 3341 997 3382 unum
1014 3321 1094 3382 femi·

106 3397 200 3473 nibus,
217 3397 266 3458 ilia
282 3399 415 3458 conclavi
436 3401 607 3462 collocanda
623 3412 683 3478 est,
706 3402 849 3465 modicum
867 3405 1015 3482 calorem,
1033 3407 1094 3464 sine
