2372 3892
380 203 702 254 mmmm
966 195 1023 260 m

7 357 203 438 leniterque
215 357 261 418 'ibi
279 359 373 435 verti,
388 368 417 418 et
436 357 570 438 paulatim
590 375 653 419 eam
672 359 817 422 deducere
838 361 910 423 inira
930 366 1027 440 regio·

8 461 96 502 nem
116 442 250 522 pupillae
268 442 368 512 debet;
392 442 440 503 ubi
466 443 569 503 deinde
592 461 653 503 earn
677 447 803 521 transiit,
831 447 1028 508 vehementius

8 527 178 606 imprimi,
194 535 224 586 ut
242 525 371 586 inieriori
389 527 463 605 parti
479 527 591 588 insidat.
617 528 647 586 Si
662 527 769 606 haesit,
787 532 895 590 curatio
908 531 1027 610 expleta

14 620 92 671 est:
125 610 151 670 si
179 610 300 670 subinde
321 611 410 686 redit,
437 610 538 671 eadem
560 629 613 670 acu
640 612 832 687 concidenda,
857 623 886 673 et
912 616 941 674 in
966 614 1027 692 plu·

14 711 79 754 res
98 703 202 774 partes
217 694 381 771 dissipanda
397 703 458 763 est;
476 711 550 773 quae
564 695 697 772 singulae
718 706 747 756 et
767 696 879 756 lucilius
901 697 1027 758 condun-

16 788 88 855 tur,
110 787 142 839 et
163 780 254 838 minus
270 778 326 838 late
342 779 479 838 officiunt.
500 779 606 839 Postea
621 779 769 840 educenda
785 790 867 841 recta
887 791 1027 857 marest,

17 862 299 941 imponendumque
324 863 388 924 lana
410 863 490 922 molli
513 865 727 942 exceptumovi
750 864 859 941 album,
885 874 915 924 et
940 883 1027 945 supra

19 947 116 1026 quod
133 945 382 1030 inflammationem
395 956 541 1022 coerceat,
560 956 645 1026 atque
660 949 698 1009 ita
712 948 939 1009 devinciendum.
958 949 1028 1010 Post
1087 941 1090 952 ’

17 1031 112 1090 baec
130 1047 205 1108 opus
221 1039 265 1090 est
287 1031 403 1109 quiete,
424 1029 609 1108 abstinentia,
630 1031 734 1091 lenium
758 1031 1027 1094 medicamentorum

4 1114 266 1192 ›inunctionibns,
292 1115 374 1190 cibo,
395 1116 442 1192 qui
458 1123 576 1194 postero
592 1115 638 1174 die
654 1116 723 1175 satis
737 1125 844 1176 mature
865 1115 955 1194 datur,
970 1119 1027 1194 pri·

19 1215 109 1258 mum
132 1198 259 1277 liquido,
283 1217 320 1260 ne
342 1199 476 1259 maxillae
496 1198 641 1268 laboreut;
664 1200 783 1274 deiude,
806 1200 1028 1262 inflammatione

20 1283 131 1360 finita,
147 1282 216 1358 tali,
241 1283 334 1360 qualis
356 1284 384 1342 in
404 1283 572 1342 vulneribus
592 1285 761 1362 propositus
782 1293 836 1343 est.
865 1284 976 1359 Quibus
997 1294 1027 1345 ut

22 1383 110 1444 aqua
127 1383 243 1445 quoque
259 1367 362 1427 diutins
379 1366 492 1426 bibatur
508 1367 677 1428 necessario
689 1366 812 1426 accedit.

100 1451 150 1510 15.
173 1450 216 1510 De
229 1451 346 1529 pituitae
362 1467 478 1529 quoque
494 1451 587 1510 tennis
604 1467 706 1525 eursu,
722 1452 770 1528 qui
787 1450 890 1510 oculos
899 1452 1026 1528 infestat,

1 1543 180 1613 squatenus
194 1533 408 1595 medicamentis
417 1533 559 1611 agendum
572 1543 632 1608 est,
645 1535 703 1609 jnm
715 1534 843 1613 explicui
860 1534 1026 1613 (cavus).

25 1619 121 1679 Nunc
152 1617 188 1678 ad
219 1635 253 1678 ea
268 1620 395 1694 veniam,
432 1636 506 1698 quae
539 1620 715 1678 curationem
741 1635 839 1678 manns
871 1619 1025 1698 postulant.

28 1700 300 1762 Animadvertimus
315 1711 408 1762 antem
423 1702 590 1782 quibusdam
607 1719 758 1782 numquam
774 1703 941 1762 siccescere
957 1719 1026 1762 ocu·

28 1788 97 1863 los,
123 1785 175 1846 sed
197 1803 315 1865 semper
335 1786 455 1846 humore
469 1787 547 1848 tenui
563 1787 696 1848 madere:
722 1803 859 1865 quaeres
874 1786 1025 1865 aspritudi-

28 1887 102 1930 nem
122 1871 282 1946 continuat,
305 1888 342 1931 ex
363 1869 475 1931 levibus
497 1873 648 1932 momentis
669 1871 905 1930 inflammationes
927 1880 956 1931 et
972 1871 1025 1948 lip-

1 1987 14 2016 t
32 1953 183 2034 pitudines
200 1956 325 2031 excitat,
340 1963 429 2014 totam
447 1954 570 2034 deniqne
585 1957 671 2014 uitam
688 1953 808 2014 hominis
825 1953 951 2014 infestat.
980 1953 1025 2015 ld·

32 2056 94 2118 que
117 2039 145 2097 in
167 2038 333 2115 quibusdam
355 2039 432 2100 nulla
451 2057 509 2118 ope
524 2039 655 2114 adjuvari
677 2047 789 2116 potest,
815 2039 843 2096 in
859 2037 1026 2116 quibusdam

32 2120 168 2182 sanabile
184 2131 238 2182 est.
271 2122 355 2198 Quod
371 2124 489 2201 primam
505 2123 659 2182 discrimen
675 2139 763 2180 nosse
780 2129 912 2198 oportet,
935 2130 965 2179 ut
986 2120 1025 2180 al·

31 2206 111 2266 teris
126 2215 325 2281 succurratur,
342 2206 440 2267 alteris
457 2223 555 2266 manus
576 2222 633 2266 nun
649 2205 801 2280 injiciatur.
837 2205 883 2263 Ae
907 2205 1026 2281 primurn

33 2307 220 2366 supervacua
236 2290 346 2350 curatio
363 2291 450 2350 estin
465 2292 517 2366 iis,
534 2291 582 2369 qui
596 2289 632 2350 ab
648 2287 801 2348 infantibus
821 2288 849 2348 id
865 2288 961 2347 uitium
977 2287 1024 2347 ba-

0 2400 2 2407 1
34 2373 122 2442 bant:
146 2375 209 2451 quia
236 2375 406 2434 necessario
432 2391 594 2434 mansurum
621 2382 666 2433 est
693 2389 785 2450 unque
815 2373 914 2431 mortis
940 2371 1023 2430 diem.

33 2457 150 2518 Deinde
164 2473 222 2517 nou
237 2459 401 2518 necessaria
417 2459 502 2518 etiam
525 2458 618 2532 iniis,
641 2455 744 2535 quibus
768 2472 824 2515 non
844 2455 946 2532 multa,
974 2451 1026 2515 red

36 2542 115 2601 acris
139 2542 238 2620 pituita
259 2550 317 2601 est:
346 2541 486 2619 siquidem
507 2559 591 2601 manu
608 2539 678 2600 nibil
701 2539 886 2614 adjuvantur:
902 2539 1025 2600 medica·

35 2625 156 2701 mentis,
179 2634 209 2685 et
229 2625 323 2685 vietus
344 2627 472 2702 ratione,
501 2643 575 2704 quae
588 2625 761 2686 crassiorem
776 2625 903 2702 pituitam
919 2623 1024 2696 reddit,

37 2707 76 2768 ad
98 2709 246 2769 sanitatem
267 2711 447 2787 perveniunt.
476 2709 545 2770 Lata
568 2710 653 2769 etiarn
682 2709 775 2786 capita
797 2709 845 2768 rix
866 2708 1025 2768 medicinae

0 2801 149 2872 opatent.
181 2792 251 2854 Turn
273 2795 408 2870 interest,
424 2800 520 2854 'venae
540 2795 667 2871 pituitam
708 2795 831 2868 mittant,
855 2809 929 2869 quac
952 2793 1026 2849 inter

39 2875 193 2936 calvariam
213 2886 243 2936 et
262 2874 354 2936 cirtem
371 2885 451 2952 sunt,
473 2895 508 2937 an
524 2895 597 2956 quae
617 2879 692 2936 inter
706 2875 897 2934 membranam
913 2871 1025 2933 cerebri

39 2969 71 3020 et
91 2960 251 3019 calvariam.
282 2961 455 3039 Superiores
480 2961 542 3020 iere
564 2979 617 3039 per
636 2969 767 3036 tempora
793 2957 894 3018 oculos
914 2957 1024 3032 rigant;

38 3043 192 3105 inferiores
217 3063 270 3123 per
289 3061 340 3104 eas
359 3043 554 3120 membranas,
571 3061 643 3122 quae
665 3043 700 3102 ab
718 3041 810 3101 oculis
824 3039 859 3098 ad
875 3039 1026 3100 cerebrum

38 3127 165 3188 tendunt.
193 3127 294 3188 Potest
308 3138 401 3188 antem
418 3127 545 3187 adhiberi
561 3125 720 3187 remedium·
732 3127 782 3198 iis,
800 3141 874 3202 quae
890 3141 976 3203 snpra
991 3139 1026 3182 os

5 3213 141 3290 miluum:
162 3228 220 3271 non
242 3221 342 3292 potest
362 3214 414 3288 iis,
436 3229 511 3290 quae
529 3211 581 3271 sub
598 3227 666 3270 osse
680 3209 715 3287 ¹).
747 3208 792 3268 Ac
808 3227 845 3268 ne
861 3209 895 3268 iis
911 3208 1025 3288 quidem

41 3358 179 3367 ...ρ-...ῃ
185 3358 233 3364 ...-

108 3414 134 3472 ll
152 3417 180 3466 ld
192 3426 295 3482 emper
312 3433 355 3468 ens
375 3432 451 3466 venas
470 3431 533 3480 quiae
553 3422 611 3466 sunt
628 3415 692 3464 inter
706 3415 864 3464 membranas
879 3411 982 3471 cerebri,
1001 3417 1025 3460 et

40 3487 184 3546 calvariam3
201 3495 228 3536 ut
247 3486 355 3552 explicat
371 3487 536 3552 Morgagnus.
