2384 3896
310 253 312 257 .
384 206 452 254 crs.
469 207 501 254 v.
515 203 601 256 ‘cum
620 207 714 258 xxvi.
984 185 1044 264 197

32 361 154 424 ulcere
172 359 221 420 vel
241 363 341 437 nigre,
364 361 412 420 rel
431 361 518 422 livida
535 372 596 438 est,
620 365 673 424 sed
687 367 766 424 sicca
782 375 811 425 et
829 367 921 436 arida;
946 371 1039 448 proxi-

33 463 156 523 meque
177 445 249 506 cutis
269 445 437 522 plerumque
461 445 611 526 subnigris,
629 448 740 524 pusulis
762 450 913 526 impletur:
941 452 1044 513 deinde

35 531 67 590 ei
95 529 233 610 proxima
256 529 303 590 vel
326 529 448 608 pallida,
471 529 519 588 vel
535 529 638 607 livida,
661 530 783 609 fereque
802 551 907 609 rugosa
931 541 961 594 et
982 539 1044 594 sine

35 631 138 674 sensu
162 620 221 682 est;
245 612 365 674 ulterior
378 614 405 672 in
419 612 640 674 inflammatione
656 622 716 698 pst;
740 618 900 695 omniaque,
912 636 945 678 ea
961 620 1044 678 simul
1166 624 1170 633 '

9 705 187 774 sserpuut,
216 694 298 756 ulcus
328 697 356 756 in
381 696 476 757 locum
504 697 686 774 pusulosum;
720 699 840 776 pusulae
860 703 888 759 in
910 719 974 762 eum
996 706 1043 781 qui

38 781 141 860 pallet
159 788 210 838 aut
225 779 309 846 livet;
329 780 424 857 pallor
439 789 486 840 aut
503 780 578 840 livor
593 784 621 841 in
635 781 663 841 id
683 782 759 860 quod
773 782 970 844 inflammatum
983 793 1042 852 est,

39 864 235 926 inflammatio
259 863 337 923 inid
360 864 438 943 quod
462 863 603 942 integrum
626 874 689 942 est,
717 868 826 926 transit.
870 865 948 928 lnter
970 867 1044 928 lraec

42 947 157 1008 deiude
171 946 263 1007 febris
281 957 363 1008 acuta
381 949 487 1024 oritur,
503 949 666 1026 ingensque
682 950 763 1009 sitis:
781 949 948 1028 quibusdam
960 953 1043 1012 etiam
1103 967 1106 974 ’

39 1031 182 1093 delirium
204 1030 333 1092 accedit:
358 1031 428 1110 alii,
452 1033 582 1110 quamvis
596 1034 699 1092 mentis
715 1049 784 1092 suae
800 1044 951 1113 compotes
968 1044 1043 1110 sunt,

1 1131 30 1180 ιι
42 1113 239 1174 balbutiendo
263 1123 358 1176 umen
379 1116 427 1174 vix
450 1133 553 1175 sensus
575 1133 645 1176 suos
666 1116 827 1194 explicant:
850 1120 950 1198 incipit
966 1119 1043 1178 allici

41 1197 230 1260 stomachus:
253 1199 284 1258 lit
298 1197 377 1258 loedi
396 1201 513 1277 spiritus
528 1201 593 1277 ipse
607 1199 729 1262 odoris„
746 1200 843 1280 Atque
859 1203 966 1260 initium
982 1199 1059 1278 qui-⁰

42 1281 114 1344 dem
136 1282 202 1357 ejus
222 1281 289 1341 mali
311 1283 416 1360 recipit
432 1285 622 1358 curationem:
645 1283 691 1342 ubi
708 1275 782 1344 vero'
797 1287 911 1363 penitus
928 1285 1043 1360 insedit,

13 1403 15 1408 ·
40 1364 210 1428 insanabile
225 1373 284 1433 est:
307 1365 478 1444 plurimique
495 1366 548 1426 sub
565 1365 671 1445 frigido
689 1368 795 1428 sudore
809 1370 975 1428 moriuntur.

112 1448 165 1510 32.
202 1448 247 1508 Ac
272 1449 401 1528 pericula
424 1450 537 1528 quidem
562 1451 711 1511 vulnerum
739 1451 813 1511 haec
839 1459 911 1510 runt.
951 1451 1044 1512 Vetus

5 1542 145 1596 meatem
160 1532 242 1594 ulcus
258 1533 400 1612 scalpello
418 1533 627 1594 concidendum
643 1544 701 1611 est,
726 1533 963 1613 excidendaeque
980 1535 1044 1609 ejus

45 1634 138 1692 orae,
163 1626 193 1677 et
208 1617 345 1696 quidquid
361 1635 450 1697 super
464 1635 515 1680 eas
530 1617 602 1678 livet
616 1635 709 1697 aeque
726 1619 914 1680 incidendum.
946 1619 978 1678 Si
994 1635 1043 1676 va·

45 1700 141 1762 ricula
164 1703 239 1761 intus
258 1709 319 1776 est,
342 1719 417 1780 quae
441 1702 469 1762 id
491 1704 584 1762 sanari
605 1702 756 1781 prohibet,
779 1719 813 1762 ea
832 1703 1043 1780 quoqueexct·

46 1783 155 1844 denda.
173 1784 294 1846 'Deinde
308 1785 356 1844 ubi
372 1788 491 1862 sanguis
506 1788 644 1861 emissus,
656 1795 852 1865 ¹norrtttumque
868 1786 971 1846 vulnus
989 1793 1043 1859 est,

47 1868 153 1930 eadem
175 1871 284 1929 curatio
300 1869 478 1946 adhibenda,
500 1887 574 1949 quae
588 1871 615 1929 in
628 1870 797 1930 recentibus
812 1869 979 1930 vulneribus
994 1885 1042 1928 ex·

9 1953 148 2031 suposita
171 1961 226 2013 est.
261 1953 291 2012 Si
314 1953 457 2030 scalpello
480 1953 583 2032 aliquis
603 1945 642 2012 uti
657 1971 715 2014 non
730 1954 804 2030 vult,
828 1962 926 2032 potest
940 1968 1044 2013 sanare

47 2035 77 2097 id
102 2035 302 2113 emplastrum,
324 2036 402 2115 quod
421 2055 460 2096 ex
480 2037 583 2098 ladano
605 2039 651 2096 tit:
673 2047 702 2098 et
721 2055 806 2115 quum
828 2036 909 2096 ulcus
930 2035 983 2095 sui·
1007 2051 1043 2094 co

48 2137 172 2180 exesum
190 2128 249 2196 est,
265 2120 294 2180 id
312 2137 370 2198 quo
386 2122 507 2180 cicatrix
522 2121 663 2181 inducitur
676 2122 727 2198 (ci.
748 2137 809 2198 cap.
835 2119 888 2194 19,
909 2114 1009 2192 518).

115 2203 167 2264 33.
186 2201 220 2263 ld
234 2213 344 2280 ιιιιιι,
364 2205 440 2283 quod
456 2199 653 2283 ἐρυσίπελας
668 2205 770 2285 vocari
785 2204 863 2280 dixi,
879 2219 936 2262 non
952 2201 1043 2260 solum

50 2287 164 2348 vulneri
185 2290 391 2366 supervenire,
418 2288 470 2349 sed
491 2290 553 2348 sine
575 2288 632 2349 hoc
650 2303 765 2367 quoque
788 2289 856 2347 oriri
877 2285 1043 2346 consuevit:

8 2373 41 2432 ἰι
51 2381 139 2448 atque
160 2370 300 2430 interdurn
321 2371 482 2450 perieulum
517 2374 610 2448 majos
639 2369 737 2438 ailertr
790 2373 889 2448 utique
915 2369 939 2427 si
966 2368 1044 2427 eirca

52 2455 185 2516 eervices
211 2463 259 2515 ιιι
285 2464 371 2533 caput
398 2456 534 2516 constitit.
579 2454 718 2533 Oportet,
744 2455 769 2514 si
791 2456 868 2514 vires
890 2451 1043 2532 pationtar,

51 2539 218 2614 sanguinem
244 2541 356 2600 mittere
365 2561 378 2598 :¹
404 2539 507 2599 deinde
528 2540 678 2617 imponere
702 2537 784 2598 simul
808 2535 993 2617 reprimentia
1016 2543 1045 2594 et

51 2622 271 2698 refrigerantia;
295 2624 475 2702 maximeque
495 2639 642 2683 cerussam
657 2621 749 2683 solani
765 2639 871 2696 succo,
895 2624 942 2679 aut
958 2621 1044 2678 cimo-

52 2705 120 2766 liam
145 2714 252 2766 cretam
279 2723 353 2784 aqua
382 2707 499 2786 pluviali
526 2717 692 2784 exceptam,
723 2715 770 2766 aut
792 2724 829 2766 ex
850 2703 949 2766 eadem
972 2719 1045 2779 aqua

17 2789 200 2852 nsntanrnn
216 2790 351 2865 farinam,
369 2807 509 2870 cupresso
526 2791 653 2868 adjecta,
668 2799 734 2866 ¹aut,
753 2791 777 2849 ri
792 2789 920 2849 tenerius
937 2802 1047 2863 corpus

54 2883 116 2948 est,
129 2873 302 2936 lenticulam.
324 2873 467 2952 Quidquid
488 2875 650 2952 impositum
672 2883 732 2949 est,
757 2872 842 2932 betae
858 2871 929 2929 lolio
945 2876 1045 2927 conte·
1080 2931 1085 2941 ,

54 2956 176 3035 gendum
197 2967 257 3033 est,
282 2966 312 3017 et
332 2975 422 3036 super
443 2958 591 3018 linteolum
612 2957 716 3034 frigida
733 2973 806 3034 aqua
821 2951 938 3012 madens
953 2952 1045 3028 impo-

54 3040 183 3102 nendum.
212 3042 243 3100 st
260 3059 314 3121 per
330 3059 362 3100 se
377 3041 577 3120 refrigerantia
595 3059 693 3118 parum
710 3037 883 3118 proderunt,
899 3032 1046 3093 miscenda

56 3133 137 3186 erunt
154 3124 211 3184 lroc
225 3125 328 3186 modo:
351 3125 497 3203 sulphuris
512 3142 541 3202 p.
558 3127 612 3204 )·(.
631 3137 654 3182 1.
672 3139 808 3184 cerussae
824 3129 853 3180 et
870 3118 966 3194 croci,
990 3118 1045 3176 sin·

22 3208 185 3286 angulorum
201 3227 230 3287 p.
246 3209 302 3286 )·(.
320 3221 420 3273 x11.s.
444 3225 537 3286 eaque
562 3225 624 3267 curn
640 3209 705 3266 vino
723 3203 898 3265 conterenda
913 3211 994 3276 sunt,
1016 3207 1048 3259 et

57 3292 84 3352 id
104 3292 146 3354 luis
166 3292 342 3353 illinendum.
382 3292 420 3352 Αι
440 3293 464 3352 si
489 3292 586 3351 durior
607 3291 691 3350 locus
706 3287 875 3364 est,·solani
891 3285 960 3346 lolia
977 3301 1046 3344 cun·

56 3376 241 3522 tfltqnqusslue
264 3377 342 3458 edipi
363 3375 508 3437 miscenda
530 3384 611 3448 sunt,
637 3383 666 3433 et
686 3374 755 3435 illita
777 3371 898 3432 linteolo
916 3367 1046 3447 superin-

54 3477 105 3535 Jtcr
161 3479 187 3523 ι.
719 3471 723 3478 ·
