2384 3896
151 201 210 264 142
440 209 857 260 u.c.cnnsrnnn1crrnn·

437 366 619 427 oneum
650 367 747 426 xum
775 349 851 444 {riq

550 479 587 530 De
606 479 731 530 Lienosis.

209 620 247 680 Au
263 620 362 696 lienis,
378 589 426 680 abi
444 619 565 679 affectus
581 627 642 694 est,
665 617 844 694 intumescit,
864 617 1007 696 simulque
1023 635 1090 678 curn
1105 637 1139 680 eo

110 769 121 789 ,
147 722 215 782 pars
231 705 361 772 sinistru;
382 721 476 783 eaque
491 703 559 762 dura
576 711 639 778 est,
664 710 694 762 et
707 702 850 780 prementi
867 703 1013 770 renititur;
1040 713 1141 761 venter

148 790 271 848 intentus
294 797 354 857 est:
379 788 484 866 aliquis
499 788 584 846 etiam
601 787 629 844 in
644 785 774 845 cruribus
790 794 884 845 turnor
898 795 957 852 est;
978 786 1084 846 ulcera
1097 795 1158 846 ants

147 876 262 932 omnino
290 890 346 933 non
370 879 540 944 sanescunt,
568 878 616 928 aut
636 879 717 928 certe
741 869 904 930 cicatricem
927 871 976 928 vix
997 871 1141 948 recipiunt

148 956 203 1035 (ci.
225 955 311 1034 Hipp.
335 953 451 1016 latera,
472 952 573 1034 offeci.
602 955 623 1029 ς
646 953 717 1032 31);
751 954 779 1011 in
802 955 908 1012 intenta
936 951 1141 1026 ambulatione,

148 1056 292 1118 cursuque
307 1039 392 1098 dolor
407 1047 437 1098 et
453 1037 592 1115 quaedam
607 1036 762 1098 diillcultas
778 1046 833 1096 est.
869 1035 932 1096 Hoc
946 1037 1045 1097 uitium
1063 1037 1143 1115 quies

148 1132 249 1200 auget:
272 1125 369 1200 itaque
383 1123 594 1182 exercitatione
611 1128 639 1178 et
656 1120 757 1180 labore
772 1137 847 1198 opus
860 1129 921 1189 cst;
939 1119 1037 1180 babita
1050 1130 1143 1180 tamen

148 1210 274 1282 ratione,
296 1223 332 1264 ne
353 1205 464 1265 iebrcm
484 1207 555 1282 ista,
578 1205 602 1262 si
622 1205 735 1266 nimium
760 1205 975 1282 processerint,
1003 1205 1158 1264 excitentr

148 1287 321 1364 Unctiones,
338 1289 562 1367 frictionesque,
579 1296 609 1346 et
624 1288 747 1348 sudores
763 1289 922 1348 necessarii
937 1296 1012 1346 sunt.
1039 1287 1145 1348 Dulcia

149 1373 240 1432 onnia
255 1373 368 1432 inimica
384 1382 462 1440 sunt;
485 1375 551 1448 itenr
566 1372 613 1430 lac
628 1381 657 1430 et
674 1389 794 1433 caecus:
813 1371 894 1432 acida
910 1381 1004 1430 autern
1021 1373 1145 1430 maxime
1162 1403 1166 1410 ·

149 1458 329 1516 conveniunt.
374 1455 454 1533 Ergo
481 1465 592 1515 acetum
618 1473 687 1514 acre
702 1449 762 1533 'per
782 1473 816 1516 se
838 1455 975 1530 sorbere,
1003 1465 1033 1514 et
1055 1455 1146 1530 magis

149 1542 249 1616 etiam,
272 1541 348 1618 quod
364 1539 446 1600 scilla
462 1539 606 1600 conditum
623 1549 685 1616 est,
708 1540 836 1617 expedit.
870 1538 989 1598 Edenda
1006 1547 1076 1597 sunt
1090 1538 1145 1596 sal·

148 1633 291 1699 sementa,
309 1623 358 1682 vel
377 1622 461 1682 oleae
476 1641 513 1682 ex
529 1624 619 1682 muria
633 1623 716 1692 dura;
735 1625 841 1690 tinctae
857 1624 886 1680 in
901 1631 984 1682 aceto
1010 1622 1142 1681 lactucae
1154 1641 1172 1678 u

149 1707 317 1785 intubique,
336 1725 374 1766 ex
387 1707 490 1766 codem
503 1708 601 1782 betae,
616 1726 654 1767 cn
665 1708 757 1785 sinapi
777 1724 953 1784 asparagus,
970 1707 1144 1780 armoracia,

150 1791 315 1869 pastinaca,
340 1789 480 1866 ungulae,
501 1799 611 1866 rostra,
634 1807 705 1850 aves
722 1808 853 1866 macrae,
878 1789 1010 1866 ejusdem
1025 1791 1146 1868 generis

150 1875 274 1932 venatio.
313 1873 395 1932 Potui
418 1889 490 1933 vero
502 1876 603 1950 jejuno
619 1874 679 1934 dari
695 1874 782 1934 debet
796 1874 967 1935 absinthium
982 1875 1144 1934 incoctum:

150 1966 178 2016 at
201 1966 267 2034 post
290 1957 381 2016 cibum
399 1975 471 2035 aqua
487 1975 502 2017 a
519 1958 641 2016 ierrario
658 1957 758 2034 iabro,
780 1961 808 2018 in
822 1977 878 2037 qua
894 1959 1021 2020 candens
1037 1959 1145 2018 ferrum

150 2040 270 2100 subinde
286 2041 401 2100 tinctum
417 2043 467 2100 sit:
488 2041 562 2102 baec
577 2043 652 2100 enirn
664 2043 712 2102 vel
724 2044 882 2122 praecipue
894 2042 999 2102 lienem
1013 2050 1161 2102 coercet-o

151 2123 235 2196 Quod
261 2124 486 2186 animadversum
508 2126 601 2184 estin
624 2127 660 2183 iis
682 2126 866 2202 animalibus,
895 2143 969 2202 quac
992 2125 1073 2203 apud
1097 2125 1147 2183 bos

149 2208 249 2268 fabros
273 2210 393 2270 educata
416 2210 539 2285 exiguos
566 2208 659 2268 lienes
683 2210 798 2270 babent.
843 2209 944 2269 Potest
970 2209 1058 2268 etiam
1089 2207 1147 2268 dari

149 2294 243 2352 vinum
266 2303 366 2369 tenue,
396 2303 553 2361 austerunr;
586 2295 738 2370 omniaque
763 2295 789 2351 in
818 2292 889 2351 cibis
915 2301 943 2351 ct
966 2290 1146 2369 potionibus,

33 2419 38 2428 .
150 2395 224 2455 quae
244 2379 342 2450 urinae
364 2377 523 2436 mouendae
544 2386 619 2435 sunt.
655 2377 872 2452 Praecipueque
891 2374 927 2434 ad
947 2375 975 2434 id
995 2374 1079 2434 valet
1104 2373 1147 2432 rel

150 2455 249 2519 trifolii
265 2477 379 2535 semen,
400 2460 449 2518 vel
468 2461 624 2538 cuminum,
646 2461 693 2520 vel
710 2461 819 2538 apium,
836 2458 884 2518 vel
900 2457 1083 2536 serpyllum,
1102 2457 1168 2515 rel·

151 2544 275 2617 cytisus,
297 2543 344 2602 vel
365 2544 531 2621 portulaca,
550 2544 599 2603 vel
614 2551 737 2622 nepeta,
754 2542 803 2602 vel
818 2542 959 2617 thymum,
977 2542 1027 2600 vel
1044 2542 1148 2616 bysso·

152 2643 232 2701 pum,
254 2626 302 2684 vel
324 2627 463 2684 satureia:
487 2627 560 2686 haec
583 2630 657 2687 enim
678 2628 743 2687 inde
762 2625 995 2686 commodissime
1015 2625 1149 2685 videntur

151 2707 296 2767 humorem
314 2707 450 2768 educere.
473 2709 568 2770 Lienis
585 2728 701 2788 quoque
717 2709 840 2769 bubulus
852 2710 960 2769 utiliter
971 2709 1035 2769 esui
1048 2709 1149 2768 datur:

152 2793 368 2871 praecipueque
390 2809 476 2852 eruca
500 2804 529 2852 et
549 2796 714 2853 nasturtium
730 2794 835 2852 lienem
850 2801 1015 2852 extenuant.
1052 2791 1148 2870 Impo-

150 2877 243 2936 nenda
259 2893 376 2956 quoque
389 2878 571 2937 extrinsecus
583 2887 656 2953 sunt,
675 2895 749 2955 quae
762 2877 870 2937 levent.
891 2875 936 2935 Fit
946 2895 985 2936 err
998 2885 1148 2952 unguento

151 2970 180 3020 et
203 2961 348 3038 palmulis;
384 2961 413 3020 dt
439 2970 476 3018 ex
499 2960 548 3019 lini
572 2970 601 3020 ct
620 2963 749 3021 nasturtii
771 2965 896 3036 semine,
922 2976 981 3038 quo
1002 2962 1102 3019 vinum
1124 2969 1149 3020 et

152 3044 247 3103 oleum
271 3046 416 3120 adjicitur:
438 3045 468 3102 [it
490 3063 527 3104 cx
550 3062 690 3122 cupresso
707 3044 789 3103 viridi
822 3055 852 3105 et
876 3045 954 3103 arida
969 3044 1042 3103 dou:
1066 3045 1100 3103 iit
1115 3063 1149 3104 ex

153 3123 259 3204 sinapi,
286 3129 330 3185 cui
355 3131 416 3186 sevi
435 3128 535 3186 hircini
553 3145 568 3186 a
587 3128 703 3188 renibus
723 3137 822 3206 quarta
838 3145 905 3206 pars
921 3128 1060 3205 ponderis
1079 3128 1148 3202 adji-

153 3210 241 3282 citur,
265 3211 424 3286 teriturque
449 3213 476 3269 in
492 3211 574 3286 sole,
601 3221 630 3270 et
645 3215 774 3289 protinus
790 3213 954 3290 imponitur.
991 3209 1147 3288 Multisque

152 3291 243 3352 modis
268 3291 333 3352 buic
355 3295 396 3350 rei
421 3295 538 3372 cappari
561 3305 655 3372 aptum
678 3305 737 3354 est:
760 3313 823 3353 nam
844 3303 872 3353 et
890 3295 982 3372 ipsum
998 3311 1062 3352 oum
1079 3293 1173 3362 cibos

153 3394 317 3450 assumere,
346 3384 375 3433 et
400 3381 517 3437 muriam
544 3380 691 3454 ejuscum
714 3387 798 3437 aceto
820 3377 942 3437 sorbere
966 3376 1145 3436 commodum

154 3470 207 3520 est.
232 3459 406 3532 Quinetiam
424 3462 603 3520 extrinsecus
618 3463 743 3536 radicem
761 3462 928 3538 contritam,
943 3459 992 3520 vel
1004 3461 1143 3520 corticem
1173 3481 1177 3492 ¹
