2444 3904
425 233 494 282 nro.
506 233 529 282 1.
541 209 755 284 recasurum.
1068 227 1086 286 5

92 389 249 448 etiamnum
264 389 364 465 spiritu
379 400 560 466 remanente,
574 407 623 467 ea,
640 408 713 470 qnae
729 399 826 451 natura
841 399 907 452 ante
924 392 1085 469 clausisset,

21 515 24 523 Α
92 489 256 550 eorumque
271 473 411 550 positum,
430 473 574 550 colorem,
592 474 726 552 liguram,
748 475 984 554 magnitudinem,
1012 476 1086 536 ordi·

91 575 171 632 ncm,
188 555 332 632 duritiem,
355 555 707 635 mollitiem,'laevorem,
734 569 907 629 contactum
931 578 1087 639 processus

90 639 201 700 deinde
218 639 393 714 singulorum
408 649 437 699 et
450 658 601 717 recessus,
626 651 654 701 et
674 643 738 705 sive
758 642 822 719 quid
843 645 976 702 inseritur
993 645 1087 720 alteri,

67 728 159 785 reive
176 722 243 800 quid
259 731 368 800 partem
385 723 501 783 alterius
521 726 550 783 in
570 743 602 784 se
623 727 737 803 recipit.
776 725 878 804 Neque
899 727 985 804 enirn,
1002 745 1086 805 quum

90 807 182 870 dolor
195 809 269 866 intus
288 805 400 882 incidit,
423 810 499 867 scire
520 808 587 886 quid
608 808 720 886 doleat,
742 827 821 885 curn,
845 811 906 888 qui,
930 827 984 888 qua
1005 821 1087 890 parte

89 891 230 972 quodque
245 891 342 949 viscus
356 893 556 952 intestinumve
572 893 622 968 sit,
642 911 699 952 non
715 895 901 970 cognoverit:
930 911 1024 972 neque
1042 914 1087 954 cu·

90 979 151 1036 rari
170 976 208 1052 id,
225 974 302 1052 quod
316 993 434 1060 aegrum
448 985 503 1052 est,
521 993 610 1055 posse
630 977 665 1036 ab
682 994 730 1053 eo,
748 979 804 1056 qui,
817 977 883 1056 quid
901 978 946 1054 sit,
962 979 1086 1056 ignoret.

92 1062 134 1120 Et
155 1077 239 1138 quum
264 1077 317 1137 per
338 1059 439 1118 vulnus
459 1059 578 1136 alicujus
601 1061 714 1121 viscera
734 1061 879 1139 patefacta
907 1071 983 1138 sunt,
1013 1079 1087 1137 eum,

60 1147 247 1224 aequisonae
263 1144 401 1221 cujusque
418 1144 547 1204 colorem
563 1147 652 1223 partis
668 1147 799 1223 ignoret,
822 1147 936 1206 nescire
960 1145 1027 1224 quid
1047 1148 1087 1205 in·

97 1239 224 1306 tegrum,
242 1227 308 1306 quid
324 1237 488 1306 cormptum
501 1230 551 1298 sit;
574 1231 612 1289 ita
627 1247 663 1289 ne
683 1247 854 1289 succurrere
871 1229 985 1307 quidem
1000 1246 1089 1308 posse

92 1311 249 1390 corruptis.
279 1311 439 1390 Aptiusque
463 1314 643 1372 extrinsecus
667 1314 773 1392 imponi
793 1314 935 1391 remedia,
957 1331 1088 1392 comper·

88 1399 128 1456 tis
142 1397 309 1468 interiorum
327 1405 356 1455 et
369 1396 487 1456 sedibus
503 1405 531 1455 et
547 1398 657 1474 figuris,
677 1398 851 1476 cognitaque
867 1416 965 1458 eorum
981 1399 1088 1474 magni-

88 1481 206 1541 tudine:
223 1480 388 1558 similesque
407 1481 516 1555 omnia,
532 1498 605 1561 quae
624 1482 723 1561 [intus]
749 1485 844 1559 posita
858 1491 939 1559 sunt,
961 1483 1089 1541 rationes

54 1565 212 1625 rehabere.
241 1563 341 1644 Neque
358 1583 424 1623 esse
440 1564 573 1640 crudele,
592 1567 665 1625 sicut
686 1565 817 1644 plerique
840 1573 1019 1646 proponunt,
1039 1565 1089 1624 ho·

87 1651 198 1708 minum
214 1650 386 1723 nocentium,
400 1657 428 1707 ct
440 1647 541 1708 horum
552 1667 667 1729 quoque
681 1667 854 1728 paucorum,
871 1651 1031 1729 suppliciis,
1043 1667 1088 1708 re·

85 1733 186 1792 media
203 1731 320 1810 populis
333 1732 532 1792 innocentibus
552 1734 733 1793 saeculorum
751 1735 873 1794 omniurn
888 1734 997 1813 quaeri.

152 1814 262 1876 Contra
276 1817 313 1892 ii,
336 1818 433 1894 quise
451 1810 662 1898 ἐμπειρικούς
679 1817 715 1877 ab
734 1819 914 1896 experientia
933 1819 1087 1893 nominant,

86 1900 244 1961 evidentes
259 1899 372 1978 quidem
388 1917 504 1977 causas,
520 1911 549 1960 ut
564 1903 763 1977 necessarias,
787 1903 1011 1981 amplectuntur:
1038 1899 1088 1959 ob·

52 2001 78 2040 ao
88 2001 244 2044 scuranum
258 1999 330 2042 vero
349 2001 495 2044 causarum
509 1994 538 2044 ct
553 1985 723 2046 naturalium
734 1987 877 2046 actionum
891 1986 1089 2063 quaestionem

86 2069 156 2128 ideo
174 2085 383 2146 supervacuam
398 2086 464 2128 esse
478 2069 665 2146 contendunt,
682 2071 814 2148 quoniam
829 2087 886 2129 non
899 2068 1089 2147 comprehen·
1161 2077 1164 2081 '

86 2153 184 2214 sibilis
198 2160 298 2210 natura
316 2151 361 2210 sit.
395 2151 461 2211 Non
485 2170 573 2230 posse
595 2169 666 2212 vero
690 2153 909 2232 comprehendi,
932 2162 1033 2231 patere
1053 2169 1090 2209 ex

88 2254 208 2311 eorum,
232 2237 279 2313 qui
296 2234 331 2294 de
348 2235 392 2294 his
410 2234 605 2318 disputarunt,
630 2236 787 2305 discordia;
814 2254 898 2314 quum
914 2236 950 2294 de
969 2237 1024 2294 ista
1047 2251 1089 2310 re,

89 2338 187 2398 neque
201 2321 277 2378 inter
293 2319 451 2398 sapientiae
468 2319 668 2396 professores,
689 2337 784 2398 neque
800 2321 875 2378 inter
894 2321 977 2397 ipsos
1001 2317 1089 2376 medi-

59 2422 148 2464 mcos
164 2405 325 2462 conveniat.
366 2402 423 2463 Gur
443 2405 518 2462 enim
541 2405 636 2481 potius
664 2402 765 2481 aliquis
786 2403 957 2480 Hippocrati
981 2401 1089 2476 credat,

95 2506 176 2566 quam
190 2485 374 2566 Herophilo?
389 2505 439 2546 cur
454 2488 519 2546 huic
535 2488 648 2565 potius,
671 2505 754 2564 quam
770 2483 963 2564 Asclepiadi?
994 2487 1024 2546 Si
1045 2503 1089 2544 ra·

91 2573 185 2632 tiones
203 2573 286 2650 sequi
301 2571 385 2647 velit,
404 2573 526 2630 omnium
541 2587 629 2649 posse
642 2571 734 2630 videri
751 2589 809 2630 non
826 2570 1049 2652 improbabiles;
1067 2570 1090 2627 si

91 2659 274 2732 curationes,
293 2654 329 2715 ab
346 2655 475 2715 omnibus
496 2655 540 2714 his
561 2672 668 2732 aegros
691 2655 847 2734 perductos
871 2673 938 2715 esse
960 2655 995 2715 ad
1017 2655 1091 2716 sani-

89 2750 188 2800 tatem.
218 2739 259 2798 lta
284 2757 378 2816 neque
403 2739 603 2818 disputationi,
624 2757 718 2817 neque
739 2741 901 2799 auctoritati
923 2740 1091 2817 cujusquam

56 2825 178 2886 aolidem
196 2823 333 2900 derogari
349 2827 527 2902 oportuisse:
551 2826 635 2882 etiam
656 2825 813 2901 sapientiae
835 2823 983 2882 studiosos
1004 2822 1090 2880 maxi·

91 2927 155 2968 mos
169 2907 302 2967 medicos
319 2925 394 2983 esse,
412 2909 436 2966 si
450 2907 631 2967 ratiocinatio
646 2907 702 2966 hcc
718 2907 843 2976 laceret;
862 2924 937 2965 nunc
952 2907 1010 2965 illis
1025 2923 1090 2964 ver·

85 2993 128 3052 'ba
150 3010 328 3070 superesse,
349 2991 454 3051 deesse
477 2991 608 3050 medendi
632 2991 788 3050 scientiam.
828 2990 952 3050 Dillerre
975 3005 1090 3067 quoque

91 3094 146 3154 pro
167 3085 268 3136 natura
292 3075 421 3135 locorum
446 3093 554 3152 genera
577 3073 751 3142 medicinae;
779 3083 808 3138 et
829 3074 904 3134 aliud
928 3091 1002 3152 opus
1024 3089 1090 3132 esse

90 3161 220 3236 Romae,
241 3159 317 3219 aliud
336 3161 365 3218 in
387 3160 540 3238 Aegypto,
560 3158 634 3217 allud
656 3159 684 3217 in
699 3157 800 3218 Gallia.
833 3159 955 3232 Quodsi
973 3156 1091 3216 morbos

59 3263 145 3304 aseae
163 3261 270 3303 causae
287 3245 433 3319 lacerent,
458 3259 531 3322 quae
552 3237 659 3319 ubique
682 3241 800 3301 eaedem
825 3251 939 3317 essent,
963 3239 1091 3300 remedia

87 3345 209 3406 quoque
227 3327 335 3405 ubique
360 3327 461 3387 eadem
483 3345 549 3387 esse
571 3325 717 3385 debuisse.
760 3325 856 3404 Saepe
882 3328 967 3385 etiam
988 3339 1091 3385 causas
1168 3353 1176 3361 -

91 3429 250 3491 apparere,
268 3419 297 3469 ut
313 3421 380 3488 puta
395 3410 583 3490 lippitudinis,
599 3411 742 3477 vulneris;
761 3427 855 3488 neque
873 3427 910 3468 ex
929 3409 972 3468 his
989 3414 1090 3486 patere

21 3537 30 3546 -
91 3496 270 3556 medicinam.
306 3495 389 3570 Quod
414 3497 438 3554 si
463 3495 610 3555 scientiam
630 3493 705 3554 banc
725 3511 783 3552 non
809 3493 942 3567 subjiciat
971 3489 1090 3550 euidens
