2372 3892
401 174 470 224 uun.
485 175 544 223 vu.
567 174 643 226 cnr.
658 177 691 228 u.
979 163 1041 228 269

23 329 65 394 Si
81 345 164 390 vero
177 327 213 390 ab
224 343 280 388 unu
293 343 345 390 ore
360 327 458 407 plures
478 329 556 390 sinus
573 339 669 407 eruut,
685 340 766 393 recta
787 329 880 398 tenta
898 331 1041 410 scalpello

25 415 96 478 erit
114 412 284 476 incidenda:
305 411 340 474 ab
355 429 392 472 so
409 421 540 490 ceterae,
557 433 631 492 quae
642 416 701 489 jnm
718 415 870 494 pateltunt,
887 417 946 476 linc
962 418 1041 476 exci-

23 497 183 576 piendae.
217 498 247 556 Si
259 497 333 556 intus
345 496 439 574 aliqua
454 498 609 575 procedet,
627 516 683 577 qun
694 499 802 560 ferrum
814 508 874 560 tutu
888 500 1041 579 pervenire
1090 503 1096 514 '

25 599 101 642 non
115 580 237 659 poterit,
252 580 402 656 collyrium
413 580 613 642 demittendum
628 584 691 642 erit.
708 581 795 643 Cibus
807 591 900 643 antem
912 587 939 643 in
952 585 1040 643 omni·

1 663 96 724 thus
115 664 261 742 ejusmodi
277 663 407 741 casibus,
429 666 491 724 siue
509 683 607 742 manu,
629 666 690 726 sive
705 668 919 728 medicamentis
936 666 1041 742 agitur,

6 826 11 834 Ι
31 746 106 810 dari
118 747 209 807 debet
220 747 365 816 humidum
378 751 459 827 petio
469 748 608 824 liberalis,
621 749 725 828 diuque
738 769 820 829 aqua.
838 743 896 812 Ubi
902 752 962 827 jam
972 766 1040 809 caro

31 832 203 907 increscit,
219 841 276 892 tum
292 831 404 892 demum
423 843 452 894 et
466 832 579 894 balneis
592 834 666 895 raris
682 834 816 896 utendum
831 837 902 911 erit,
923 842 953 895 et
969 831 1042 894 cibis

34 931 157 994 corpus
171 915 367 996 implentibus.

321 1073 329 1092 '
404 1069 595 1132 CAPUT
635 1069 673 1129 V.

2 1217 24 1257 ¹0
318 1185 355 1236 De
369 1185 426 1236 tell's
442 1203 456 1237 e
474 1201 578 1254 corpore
600 1186 770 1239 extrahendis.

108 1339 139 1398 l.
163 1337 234 1400 Tela
249 1355 379 1416 quoqne,
395 1357 468 1417 quae
482 1339 562 1400 illata
584 1308 757 1419 corporibus
780 1339 854 1400 intus
876 1337 1042 1418 haeserunt,

37 1438 155 1499 magno
170 1423 288 1498 negotia
305 1441 394 1500 saepe
410 1424 563 1497 ejiciuntur
577 1423 624 1501 (P.
641 1423 717 1500 Aeg.
734 1422 792 1498 v1,
809 1421 877 1501 88).
914 1424 1042 1502 Suntque

39 1505 190 1586 quaedam
211 1505 395 1567 difficultates
417 1525 456 1566 ex
477 1509 636 1583 generibus
652 1524 766 1574 eorum;
789 1505 928 1584 quaedem
951 1523 989 1566 er
1006 1507 1041 1566 iis

41 1589 186 1666 sedibus,
204 1591 234 1650 in
249 1591 384 1668 quasilla
401 1599 596 1669 penetrarunt.
629 1590 719 1650 Omne
735 1599 829 1650 nutem
844 1590 931 1650 telum
947 1599 1041 1650 extra·

1 1701 30 1744 15
42 1673 142 1748 hitnr,
160 1682 207 1733 aut
218 1673 254 1734 ab
271 1691 305 1734 ea
321 1683 419 1752 purte,
436 1693 492 1753 qna
507 1674 603 1750 venit,
619 1683 668 1736 aut
682 1673 718 1734 ab
737 1692 788 1750 ea,
805 1674 833 1733 in
850 1685 933 1752 quam
949 1682 1041 1734 teten-

44 1757 105 1820 dit:
127 1757 188 1816 illic
205 1759 294 1832 viam,
311 1775 367 1835 que
385 1759 502 1836 redeat,
523 1759 616 1836 ipsum
631 1758 685 1819 sibi
700 1759 784 1827 iecit;
801 1757 848 1817 hic
864 1775 880 1817 a
897 1757 1041 1837 scalpello

45 1841 171 1920 accipit;
189 1859 253 1901 nam
274 1851 374 1902 contra
393 1859 559 1902 mucronem
582 1860 650 1904 earo
674 1842 815 1902 inciditur.
859 1841 918 1902 Sed
939 1843 963 1900 si
983 1857 1042 1902 nou

47 1925 110 1988 alte
124 1925 210 1986 telum
226 1924 344 2001 insedit,
364 1935 392 1986 ct
412 1927 440 1986 in
453 1944 560 1986 summa
576 1945 664 1987 carne
682 1936 727 1986 est
735 1959 750 2003 ,·
763 1933 810 1986 ant
825 1935 905 1986 certe
921 1941 1053 2001 magnas·

47 2027 142 2070 venas
162 2019 191 2068 et
208 2009 274 2069 loca
295 2027 421 2070 nervosa
442 2028 499 2070 nnn
513 2013 639 2081 transiit;
663 2010 734 2070 nihil
753 2009 855 2069 melius
870 2019 930 2085 est,
947 2025 1042 2086 qurum,

4 2119 37 2162 20
52 2111 113 2173 qua
125 2095 219 2170 venit,
235 2092 263 2152 id
280 2093 419 2154 evellere.
441 2095 472 2154 Si
487 2111 559 2154 vcro
575 2094 640 2172 plus
656 2102 700 2153 est
712 2111 765 2172 per
779 2092 856 2171 quod
866 2093 926 2152 telo
940 2107 1041 2150 rever·

48 2176 181 2255 tendum,
198 2172 282 2254 qu‘sm
298 2179 376 2255 qnod
392 2178 631 2258 perrumpendum
647 2185 708 2253 est,
727 2179 845 2254 Jamque
867 2193 956 2236 venas
978 2191 1042 2234 ner·

48 2278 164 2338 vosque
184 2260 213 2320 id
238 2263 365 2338 transiit,
388 2261 564 2322 commodius
592 2271 637 2323 est
662 2263 776 2339 aperire
798 2260 876 2338 qnod
898 2267 1042 2338 superest,

51 2363 147 2422 eaque
164 2343 327 2406 extrahere.
363 2344 436 2405 Nam
458 2355 487 2406 et
508 2347 627 2424 prcpins
651 2346 773 2424 petitur,
790 2352 819 2403 et
840 2344 926 2403 tutius
943 2341 1042 2402 evelli-

51 2438 116 2490 tur:
133 2437 161 2488 et
175 2431 204 2489 in
217 2429 329 2504 majore
342 2429 489 2504 membro,
502 2431 527 2489 si
540 2429 662 2490 medium
676 2445 775 2487 mucro
787 2428 915 2503 transiit,
930 2425 1043 2488 lucilius

12 2543 41 2584 25
56 2513 196 2590 senescit,
215 2513 292 2591 quod
309 2515 438 2592 pervium
452 2521 511 2582 cst;
533 2515 599 2592 qnia
616 2514 757 2596 utrimque
771 2512 981 2572 medicamento
999 2509 1042 2571 io-

54 2604 147 2656 vetur.
168 2597 243 2673 Sed,
258 2599 283 2657 si
297 2607 376 2658 retro
392 2596 479 2657 telum
499 2595 696 2676 recipiendum
717 2605 777 2673 cst,
794 2595 955 2676 amplianda
968 2593 1042 2654 scal·

13 2731 16 2735 .
54 2679 136 2760 pello
160 2679 246 2759 plaga
270 2691 329 2751 est;
357 2698 415 2761 quo
440 2680 555 2742 facilius
577 2680 606 2740 id
631 2690 784 2761 sequatur,
808 2697 924 2758 quoque
951 2681 1044 2738 minor

55 2764 162 2844 orietur
176 2764 372 2826 inflammatio:
390 2783 464 2843 quae
479 2765 570 2842 major
585 2767 630 2842 lit,
647 2767 671 2826 si
685 2765 722 2826 alt
735 2765 785 2824 illo
801 2766 866 2844 ipsc
885 2763 962 2838 telo,
978 2762 1043 2821 dum

54 2845 144 2923 redit,
159 2865 265 2927 corpus
281 2848 410 2910 lanietur.
433 2848 518 2926 Item,
535 2851 559 2909 si
571 2867 608 2910 ex
623 2850 679 2911 alia
694 2857 776 2927 parte
788 2848 889 2906 vulnus
905 2847 1042 2924 aperitur,

18 2957 46 3000 sc
57 2932 149 2992 laxius
167 2949 233 3004 esse
249 2933 351 3011 debet,
366 2951 451 3013 quam
465 2942 496 2993 ut
512 2933 571 2993 telo
587 2941 691 3010 postea
701 2940 866 2991 transeunte
882 2928 1043 3007 amplietur.
1095 2997 1098 3004 .

56 3016 166 3076 Summa
181 3025 273 3078 autem
288 3026 409 3096 utreque
421 3025 502 3095 parte
516 3016 646 3077 habenda
660 3033 727 3076 cura
742 3023 802 3090 est,
818 3031 854 3072 ne
868 3030 991 3089 nervus,
1007 3028 1044 3072 ne

58 3117 131 3160 vena
143 3101 251 3177 maior,
267 3118 303 3160 ne
320 3102 424 3161 arteria
440 3100 589 3161 incidatur.
625 3100 752 3174 Quorum
768 3097 816 3157 ubi
837 3096 943 3176 aliquid
965 3098 1043 3158 dete·

59 3191 132 3243 ctum
146 3192 204 3260 est,
228 3183 429 3264 excipiendum
450 3183 533 3244 hamo
554 3193 651 3244 retuso
674 3192 734 3255 est,
757 3181 1045 3259 abducendumqueu

60 3267 208 3346 scalpello.
228 3268 285 3329 Ubi
297 3277 391 3328 autem
402 3269 471 3328 satis
484 3269 602 3327 incisum
614 3275 674 3342 est,
690 3266 777 3326 telum
792 3266 972 3326 eximendum
985 3271 1043 3323 est:

25 3373 52 3415 sc
61 3349 794 3429 tuncqueqneeodemmodo,eteademcurahabita,
803 3369 840 3410 ne
853 3351 903 3420 snb
913 3367 959 3424 eo,
968 3345 1043 3425 quod

62 3437 198 3512 eximitur,
212 3437 317 3516 aliquid
330 3454 430 3498 eurum
445 3435 585 3514 laedatur,
603 3452 676 3514 quae
689 3435 794 3498 tuenda
814 3453 880 3495 esse
893 3430 1044 3514 preposui.
