2372 3892
138 149 200 214 308
417 161 451 211 a.
469 161 499 210 ο.
516 159 615 210 censu
628 158 822 210 umerorum

138 318 217 378 tione
236 313 368 392 docebo,
384 313 516 376 demissis
532 315 727 392 cognoscitur.
755 313 813 376 libi
832 315 897 392 ejus
918 313 967 374 nei
987 312 1068 377 iides
1088 322 1137 391 cst,

140 400 232 482 pridie
250 402 275 462 is
290 417 363 479 puer
376 402 405 458 iu
415 399 528 474 jejunio
544 397 735 458 continendus
750 407 808 468 est;
827 407 857 457 et
871 407 930 458 tum
946 398 1022 460 loco
1047 397 1136 460 calido

140 486 250 545 coratio
264 482 440 558 udbibends,
457 499 531 561 qnae
546 481 603 542 boc
616 483 703 542 modo
718 481 873 544 ordinatur.
900 481 999 542 Homo
1019 499 1136 561 praere

139 567 203 640 lens
228 578 257 628 et
283 567 409 646 peritus·
422 565 450 625 iu
472 564 557 626 sedili
576 565 635 626 alto
659 565 797 642 considit,
818 566 1015 646 supinumque
1032 574 1138 626 eumet

140 669 289 727 aversum,
308 666 397 729 super
410 667 505 726 genua
520 666 573 709 sua
588 650 670 708 conis
686 649 750 726 ejus
762 648 926 727 collocatis,
944 648 1152 729 comprehens
1184 715 1185 718 Ἴ

140 735 196 805 ditr
210 735 396 812 reductisque
413 734 476 807 eius
492 731 639 810 cruribus,
651 733 745 810 ipsum
761 749 876 812 quoquc
887 732 992 810 jubet,
1011 732 1137 794 manibus
1182 748 1186 773 ³

140 817 177 879 sd
191 837 260 880 suos
277 818 403 897 poplites
420 815 509 893 datis,
524 831 588 891 eos,
604 832 688 894 qoam
703 817 825 876 maxime
841 819 957 894 possit,
974 817 1135 884 attrahere

140 902 281 981 simulque
300 904 365 980 ipse
388 901 431 960 sic
460 915 513 958 eos
533 899 670 959 continet.
700 897 784 974 Quod
810 900 835 958 si
855 899 1011 960 robustius
1035 917 1137 978 corpm

140 987 204 1062 ejus
219 994 272 1062 est,
289 984 496 1064 quiescatur,
512 980 623 1042 duobus
635 980 776 1042 sedilibus
786 983 912 1058 junctis,
929 983 991 1044 duo
1007 984 1137 1044 valentes

139 1069 276 1138 insidunt;
301 1084 421 1144 quorum
443 1073 471 1126 et
493 1065 595 1126 sedilia
618 1075 647 1126 et
661 1067 796 1126 interiore
818 1084 901 1126 crura
916 1069 997 1128 inter
1013 1087 1051 1128 se
1074 1067 1158 1128 deli-u

139 1160 254 1229 gantur,
269 1169 306 1210 ne
320 1149 415 1210 diduci
429 1152 557 1228 possint:
572 1159 630 1210 tum
644 1150 670 1209 is
684 1167 774 1228 super
786 1148 906 1210 duorum
920 1169 1024 1228 genua
1039 1151 1137 1212 eodcn

139 1234 226 1294 modo
243 1233 420 1303 collocatur;
441 1243 527 1312 atque
541 1233 625 1310 alter,
642 1241 728 1312 prout
746 1233 889 1311 consedit,
905 1236 1065 1296 sinistrum
1078 1252 1137 1294 crus

141 1319 220 1395 ejus,
251 1316 324 1378 alter
338 1316 488 1392 dextrum,
506 1316 646 1395 simulque
667 1317 732 1395 ipse
755 1317 883 1397 poplites
915 1336 989 1386 suos
1012 1319 1135 1380 attrabit

142 1403 210 1460 Sive
232 1409 325 1462 autem
345 1419 433 1477 unus,
460 1401 523 1460 sive
549 1399 605 1460 duo
622 1403 785 1477 continent,
811 1419 900 1480 snper
917 1400 1065 1464 humeros
1080 1405 1135 1477 ejus

140 1489 200 1546 suis
229 1483 395 1566 pectoribus
415 1483 588 1544 incumbunt.
619 1483 666 1544 Ex
688 1485 791 1562 quibus
815 1486 926 1563 evenit,
948 1494 979 1545 ut
993 1487 1074 1546 inter
1093 1487 1156 1546 iliali

140 1572 219 1631 sinus
237 1586 324 1648 super
344 1567 449 1646 pubem
467 1569 529 1628 sine
545 1567 612 1626 ullis
626 1569 706 1644 rugis
721 1569 757 1628 sit
772 1577 921 1646 extentus,
940 1578 983 1645 ct,
1003 1571 1035 1629 in
1052 1587 1134 1646 angu-

140 1662 213 1714 stum
230 1652 379 1730 compulsa
394 1651 508 1727 uesieu,
524 1650 638 1711 facilius
652 1651 783 1711 calculus
798 1653 863 1729 oapi
882 1653 988 1730 possit.
1017 1653 1134 1714 Praeter

139 1737 229 1812 haee,
253 1737 405 1796 etiamnum
417 1753 433 1795 a
444 1733 583 1795 lateribus
598 1734 654 1794 duo
664 1733 797 1796 volentes
812 1735 1001 1812 objiciuntur,
1019 1739 1072 1815 qui
1088 1739 1134 1796 cir·

141 1827 315 1880 cumstantes
329 1817 429 1878 labare
441 1819 489 1878 vel
505 1836 588 1878 unum
604 1817 652 1879 vel
667 1817 750 1894 duos,
766 1820 813 1897 qui
830 1837 952 1897 puerum
977 1823 1132 1894 continent,

139 1919 197 1961 non
212 1905 315 1961 sinunt.
343 1901 474 1962 bledicos
496 1901 616 1978 deiude,
640 1900 796 1978 diligenter
815 1903 959 1979 unguibus
983 1905 1155 1966 circumcis

140 1987 197 2060 sis,
220 1993 364 2064 unctaque
385 1987 499 2046 sinistra
511 2003 594 2046 manu
612 1985 656 2063 ¹),
683 1985 757 2045 duos
780 1987 842 2061 ejus
860 1987 985 2063 digitos,
1012 1988 1132 2048 indicem

141 2077 169 2130 et
184 2069 322 2144 medium,
336 2069 441 2129 leniter
456 2071 535 2148 prius
549 2087 648 2146 uuum,
672 2068 775 2128 deinde
788 2069 909 2130 alterum
925 2072 953 2128 in
970 2089 1062 2132 anum
1077 2073 1133 2146 ejus

140 2153 275 2222 demittit;
307 2152 486 2230 dextraeque
507 2152 614 2229 digitos
636 2170 725 2231 super
747 2154 831 2214 imum
858 2152 1004 2214 abdomen
1031 2155 1132 2215 leniter

141 2239 274 2317 imponit;
290 2238 359 2297 nesi
371 2237 512 2316 utrimque
525 2235 605 2312 digiti
619 2237 696 2294 circa
708 2235 848 2296 calculum
861 2236 1057 2300 vehementer
1070 2256 1130 2298 cou-

140 2323 298 2396 currerint,
320 2321 446 2379 vesicam
462 2319 587 2378 laedant.
619 2318 723 2396 Neque
745 2337 816 2380 vero
839 2320 1013 2380 festinanter
1033 2323 1066 2381 in
1084 2321 1154 2382 lact

52 2442 54 2450 ·
140 2423 184 2479 re,
202 2405 275 2464 utin
291 2403 458 2482 plerisque,
476 2402 619 2480 agendum
634 2411 693 2470 est;
716 2401 769 2462 sed
784 2403 840 2480 ita,
856 2413 885 2464 ut
904 2423 990 2482 quam
1011 2408 1132 2466 manime

139 2486 167 2546 id
185 2496 245 2547 tuto
260 2487 322 2546 liat:
340 2504 404 2547 nom
419 2486 498 2546 laesa
511 2487 611 2546 vesica
626 2502 782 2545 nervorum
796 2485 986 2548 distentiones
1004 2507 1072 2549 cum
1089 2507 1131 2567 pe

139 2568 233 2628 riculo
249 2571 347 2629 mortis
367 2572 483 2628 excitat.
514 2568 559 2628 Ac
580 2570 699 2648 primum
722 2569 800 2629 cirea
816 2573 961 2632 cervicem
985 2575 1133 2650 quaeritur

140 2651 284 2711 calculus:
317 2637 364 2710 ubi
384 2660 536 2729 repertus,
558 2655 667 2713 minore
684 2653 802 2728 negotio
818 2654 982 2732 expellitur.
1014 2655 1055 2716 Et
1070 2656 1131 2716 ideo

139 2735 261 2811 dixi,‚ne
274 2733 426 2794 curandum
443 2735 568 2814 quidem,
583 2736 638 2795 nisi
656 2753 740 2813 quum
754 2735 811 2796 boc
825 2736 937 2804 indiciis
953 2740 1017 2800 suis
1034 2741 1155 2816 cogni-³⁰

138 2829 195 2879 turn
212 2827 266 2879 est.
293 2818 322 2878 Si
344 2835 416 2890 reso
434 2827 482 2877 aut
502 2817 549 2878 ubi
575 2818 710 2894 nonfuit,
728 2828 774 2879 aut
788 2821 914 2881 recessit
926 2831 1031 2898 retro,
1055 2822 1132 2900 digiti

138 2904 174 2964 ad
189 2903 313 2965 ultimam
328 2902 454 2962 vesicam
470 2901 585 2971 dantum
613 2901 808 2981 paulatimque
823 2903 925 2964 dextra
942 2923 1066 2986 quoque
1078 2925 1130 2968 ma·

205 3085 234 3149 1)
252 3085 333 3136 Locus
348 3086 457 3134 maxime
472 3091 587 3134 venetus.
617 3083 685 3132 Libri
710 3086 806 3148 antiqui
822 3085 915 3138 hubent
934 3096 1013 3153 utque
1028 3093 1130 3140 οἰοίοοο

138 3151 219 3201 manu.
246 3153 330 3218 Targa
343 3168 388 3218 pro
404 3162 478 3218 atque
496 3151 608 3216 reposuit
629 3162 769 3218 uncthoer
790 3157 827 3204 sic
848 3162 872 3204 et
888 3158 1016 3206 sententie
1034 3166 1060 3206 et·
1075 3171 1128 3208 coo-

139 3220 241 3267 stcuctic
258 3230 324 3268 recte
343 3229 466 3282 constant,
483 3219 516 3272 ei.
530 3220 563 3270 Oa
584 3218 639 3270 .29
664 3219 740 3302 hujus
756 3221 841 3270 lib.—
854 3223 883 3276 Ρ.
901 3225 966 3290 Aeg.
980 3229 997 3275 l.
1012 3227 1030 3276 l.
1045 3225 1129 3291 pttt

139 3285 177 3335 ed.
192 3286 267 3336 Briau
277 3287 389 3340 exhibet:
418 3281 468 3336 τὸν
485 3235 598 3350 trpcvgc
615 3285 665 3351 τῆς
683 3289 831 3354 αοιστεροῖς
844 3284 937 3355 χειρὸς
955 3283 1129 3342 δάκτυλονεὶ

139 3351 255 3402 παιδίον
268 3352 312 3417 εἴη
323 3347 355 3402 τὸ
371 3352 473 3402 νοσοῦν
485 3346 558 3417 uinci
569 3347 768 3437 coepicoado'tv
779 3354 956 3424 τελειότερον,
964 3353 1127 3426 ἀλείψαν-

140 3433 195 3477 τες
216 3415 317 3488 ἐλαίῳ
336 3419 493 3484 καθίσομεο
507 3415 546 3477 εἰς
558 3415 608 3486 τὴν
620 3421 713 3488 sopor.
739 3439 741 3446 ’
