2444 3904
413 193 482 241 nnn.
496 194 518 241 1.
535 194 610 242 cnr.
623 194 660 241 11.
672 195 723 244 111.
1024 185 1061 245 15

65 353 114 403 εει
129 343 185 404 snb
201 345 286 422 divo,
307 363 390 424 quarn
404 348 432 406 in
448 351 574 426 porticu;
596 349 713 426 melior,
738 349 762 408 si
786 359 871 430 capnt
895 351 1013 429 patitur,
1033 353 1062 410 in

64 429 144 503 sole,
165 447 248 506 quam
264 432 291 488 in
305 430 418 500 umbra;
438 432 540 492 melior
555 432 695 492 inumbra
710 435 792 511 quam
809 435 935 514 parietes
955 444 1002 495 aut
1023 437 1061 494 vi·

63 512 139 572 ridia
156 513 301 591 efficiunt,
320 532 403 593 quam
419 533 493 593 quae
510 525 588 576 tecto
605 516 717 584 subest;
738 516 841 577 melior
861 529 956 595 recta,
980 535 1062 596 quam

66 598 211 656 flexuosa.
247 597 471 659 Exercitationis
493 609 586 659 autem
607 601 775 679 plerumque
803 601 867 661 linis
887 620 953 662 esse
977 601 1063 661 debet

44 681 168 757 ssudor,
186 689 234 740 aut
249 691 329 740 certe
344 682 492 761 lassitudo,
509 702 582 762 quae
599 687 669 744 citra
686 685 883 761 fatigationem
903 688 952 746 sit:
977 686 1062 764 idque

66 767 161 844 ipsum
177 765 264 826 modo
279 767 385 842 minus,
407 768 493 828 modo
517 770 608 844 magis
630 767 790 828 iaciendum
810 777 863 828 εει.
900 768 945 828 Ac
965 787 1002 828 ne
1018 769 1062 828 his

66 849 194 926 quidem,
212 849 379 909 athletarum
396 851 541 929 exemplo,
557 851 605 911 vel
624 861 703 911 certa
718 870 784 912 esse
805 852 869 928 lex,
892 853 941 912 vel
965 855 1061 912 immo·

66 933 149 992 dicus
166 931 250 993 labor
268 932 365 994 debet.
400 933 645 995 Exercitationem
665 944 746 995 recte
766 937 894 1015 sequitur
910 936 996 997 modo
1012 954 1061 996 un·

70 1019 141 1092 ctio,
155 1017 202 1076 vel
219 1019 247 1075 in
264 1017 338 1093 sole,
354 1019 402 1078 vel
421 1019 456 1079 ad
471 1020 581 1096 ignem;
600 1019 684 1080 modo
700 1017 847 1098 balneum,
864 1020 915 1080 sed
930 1019 1062 1082 conclavi

38 1118 159 1178 mquam
180 1103 303 1160 maxime
326 1111 355 1161 ει
374 1102 432 1162 alto
455 1111 483 1162 et
506 1103 602 1163 lucido
628 1111 658 1162 ει
678 1104 818 1181 ερειίοεε.
858 1104 904 1164 Ex
923 1103 968 1164 his
989 1122 1062 1163 vero

72 1194 199 1243 nentrum
216 1203 333 1263 semper
353 1187 416 1246 lieri
437 1195 569 1265 oportet;
593 1187 645 1246 sed
666 1189 781 1265 saepius
802 1187 981 1264 alterutrum,
1008 1206 1062 1268 pro

70 1271 204 1347 corporis
220 1278 329 1329 natura.
367 1270 436 1330 Post
458 1271 531 1330 haec
552 1270 664 1350 paulum
686 1273 893 1349 conquiescere
914 1290 988 1352 opus
1008 1281 1061 1331 εει.

67 1352 125 1413 Ubi
138 1351 175 1412 ad
192 1352 285 1411 cibum
300 1363 415 1413 ventum
431 1363 492 1431 εει,
508 1372 659 1433 numquam
675 1355 749 1413 utilis
767 1364 812 1414 εει
826 1358 909 1416 nimia
929 1358 1060 1424 satiatam

67 1455 160 1514 saepe
175 1437 283 1496 inutilis
299 1439 382 1498 nimia
398 1439 582 1506 abstinentia3
605 1442 700 1517 siqua
718 1439 934 1517 intemperantia
952 1439 1061 1516 subest,
1149 1439 1153 1449 ‘

37 1522 155 1580 rstutior
172 1529 218 1579 εει
234 1523 262 1579 in
278 1523 407 1599 potione,
424 1541 506 1601 quam
523 1524 551 1581 in
567 1541 635 1583 esca
651 1522 705 1602 (ci.
722 1520 800 1600 Aph.
817 1522 853 1598 ll,
874 1525 940 1601 il).
974 1521 1063 1583 Cibus

68 1624 85 1664 a
107 1604 305 1680 salsamentis,
328 1605 471 1682 oleribus,
496 1607 692 1685 similibusque
713 1606 800 1666 rebus
821 1607 922 1667 melius
947 1609 1061 1686 incipit:

66 1698 124 1747 tnm
148 1705 221 1748 caro
243 1690 411 1750 assumenda
430 1699 491 1767 est,
517 1708 591 1769 quae
612 1709 677 1750 assa
696 1692 816 1768 optima,
840 1699 886 1751 aut
908 1691 985 1750 elixa
1008 1699 1061 1749 εει.

65 1771 191 1832 Condita
209 1773 302 1831 omnia
318 1771 426 1833 duabus
441 1774 477 1834 de
492 1777 586 1834 causis
596 1775 704 1833 inutilia
718 1783 796 1844 sunt;
812 1777 945 1853 qnoniam
957 1783 985 1834 et
997 1774 1062 1853 plus

64 1865 192 1936 propter
207 1855 388 1916 dulcedinem
402 1859 563 1934 assumitur,
580 1867 608 1917 ει
626 1857 702 1936 quod
718 1859 803 1918 modo
819 1877 871 1937 par
887 1867 946 1934 εει,
968 1868 1062 1918 tamen

33 1959 57 2000 oo
66 1941 187 2016 aegrius
203 1941 403 2018 concoquitur.
443 1941 576 2002 Secunda
599 1959 697 2001 mensa
720 1940 797 2001 bono
825 1942 971 2002 stomacho
993 1940 1063 2001 nihil

63 2031 166 2099 nocet,
184 2025 212 2082 in
228 2022 374 2084 imbecillo
389 2028 544 2085 coacescit.
576 2027 606 2085 Si
620 2026 683 2104 quis
700 2027 796 2104 itaque
817 2025 873 2085 hoe
897 2043 995 2103 parum
1014 2043 1062 2084 ra-

63 2109 125 2182 let,
140 2106 298 2186 palmulas,
312 2125 471 2186 pomaque,
494 2117 522 2168 et
541 2109 642 2168 similia
657 2109 759 2168 melius
782 2111 873 2187 primo
897 2109 962 2168 cibo
983 2127 1062 2168 assu·

64 2195 126 2251 mit.
158 2191 229 2250 Post
240 2191 341 2251 multas
353 2195 498 2272 potiones,
511 2210 583 2270 quac
597 2193 769 2270 aliquantum
781 2193 854 2250 sitim
865 2200 1063 2266 excesserunt,

5 2269 7 2274 ’
66 2275 138 2334 nihil
154 2275 295 2335 edendum
308 2285 364 2336 est:
383 2285 451 2354 post
466 2278 642 2351 satietatem,
664 2275 732 2334 nihil
750 2275 900 2352 agendum.
934 2274 990 2335 Ubi
1013 2293 1062 2333 ex·
1093 2300 1096 2310 =

5 2431 10 2440 .
36 2359 167 2437 espletns
182 2367 227 2418 εει
248 2359 365 2437 aliquis,
387 2361 500 2420 facilius
523 2361 693 2437 concoquit,
717 2360 740 2417 si
763 2357 897 2436 quidquid
919 2359 1062 2431 assumsit,
1093 2384 1097 2398 ·

72 2442 189 2520 potione
200 2460 293 2520 aquae
307 2444 430 2521 trigidae
440 2435 565 2520 includit,
577 2453 634 2503 tum
646 2441 794 2522 paulisper
804 2442 943 2518 invigilat,
960 2440 1062 2502 deinde

45 2595 48 2602 ⁴
67 2525 145 2585 bene
162 2526 273 2587 dormit.
303 2529 334 2587 Si
353 2531 416 2607 quis
432 2528 552 2589 interdiu
569 2547 601 2586 se
615 2527 760 2606 implevit,
782 2527 953 2606 post'cibum
968 2543 1081 2604 neque

65 2611 183 2688 frigori,
200 2628 294 2688 neque
310 2613 411 2687 aestui,
427 2630 521 2690 neque
536 2612 629 2672 labori
643 2630 676 2671 εε
691 2611 778 2670 debet
798 2613 991 2670 committere:
1014 2629 1063 2669 ne·

67 2711 125 2772 qne
142 2697 218 2753 enirn
231 2703 288 2754 tarn
303 2697 390 2772 facilc
402 2697 474 2755 haec
486 2698 561 2756 inani
574 2713 709 2775 corpore,
726 2713 808 2773 quam
819 2696 934 2773 repleto
946 2702 1060 2755 nocent.

31 2780 98 2836 ³⁰Si
115 2779 220 2856 quihus
241 2777 277 2838 de
300 2783 394 2840 causis
411 2781 504 2840 futura
526 2780 618 2840 inedia
639 2788 697 2855 est,
719 2778 802 2839 labor
819 2783 910 2839 omnis
932 2777 1063 2838 vitandus

64 2872 122 2921 est.
159 2862 261 2942 (Hipp.
274 2862 353 2942 Apb.
368 2863 403 2940 ll,
421 2864 485 2940 ib.)

433 3099 615 3162 CAPUT
645 3102 717 3160 ΙΙΙ.

112 3217 308 3268 Observationes
320 3219 385 3266 cinca
398 3232 531 3283 corporum
542 3231 645 3282 genera,
658 3225 761 3277 aetates,
776 3226 800 3266 et
813 3224 926 3282 tempora
938 3218 1004 3266 anni.

129 3369 229 3447 Atque
248 3369 321 3428 haec
334 3369 450 3447 quidem
467 3387 559 3448 paene
575 3377 714 3447 perpetua
736 3375 808 3427 suht.
849 3367 991 3442 Quasdam
1014 3385 1060 3425 au·

32 3461 125 3513 ³⁵tem
144 3453 367 3514 observationes
382 3452 546 3514 desiderant
560 3461 589 3511 ει
604 3469 698 3512 norae
713 3470 778 3528 res,
796 3460 825 3514 et
841 3468 995 3530 corporum
1010 3467 1060 3526 ge·
