2372 3892
347 151 417 202 nra.
430 151 492 200 ιιι.
514 149 590 200 cnr.
606 148 733 224 x-7x11.
966 133 1026 200 287

370 389 548 453 CAPUT
585 391 682 450 XII.

213 507 249 558 De
261 509 312 558 oris
324 507 405 571 vitiis,
417 521 481 570 quae
490 521 582 572 manu,
597 515 621 557 et
632 507 700 558 ferro
713 515 839 557 curantur.

91 647 122 704 1.
146 643 179 704 ln
198 661 251 704 ore
270 663 386 723 quoque
411 643 550 722 quaedam
571 661 655 704 manu
677 652 819 704 curantur.
849 642 905 706 Ubi
923 647 951 704 in
969 646 1025 724 pri·

21 729 81 788 mis
98 727 205 789 dentes
218 746 426 808 nonnumquam
438 738 597 805 moventur,
608 728 695 789 modo
708 729 962 808 propterradicum
976 731 1025 790 im·

10 812 237 890 rhecillitatem,
259 814 344 873 modo
367 821 488 892 propter
509 814 692 890 gingivarum
706 815 897 874 arescentium
916 815 1024 874 vitium.

24 896 157 975 Oportet
174 899 202 956 in
217 897 355 958 utrolibet
366 896 493 956 candens
505 899 707 957 ferramentum
718 898 845 973 gingivis
859 897 1025 973 admovere,

24 989 57 1040 ut
75 983 201 1056 attingat
217 980 335 1058 leviter,
352 999 410 1040 noo
425 981 539 1042 insidat.
569 981 697 1041 Adustae
715 983 851 1057 gingivae
866 981 952 1042 melle
971 981 1025 1042 illi·

23 1063 163 1141 pendae,
183 1073 211 1124 et
233 1064 326 1124 mulso
349 1065 488 1126 eluendae
505 1075 578 1124 sunt.
608 1066 646 1126 Ut
670 1082 740 1144 pura
760 1065 858 1125 ulcera
873 1084 939 1125 esse
959 1083 1025 1126 coe·

24 1157 153 1226 petunt,
171 1149 250 1209 arida
266 1149 473 1210 medicamenta
488 1149 627 1209 infrianda
643 1156 707 1208 sunt
722 1151 821 1227 exiis,
845 1168 919 1228 quae
934 1151 1026 1227 repri-

10 1239 119 1297 rmunt.
150 1232 183 1292 Si
198 1251 268 1292 vcro
281 1232 352 1292 dens
368 1233 487 1294 dolores
498 1242 613 1310 movet,
630 1235 773 1310 eximique
789 1251 867 1310 eum,
886 1234 952 1311 quia
968 1251 1025 1293 me·

26 1316 196 1376 dicamenta
210 1317 280 1384 nihil
297 1317 448 1393 adjuvant,
467 1318 592 1396 placuit,
608 1318 777 1378 circumradi
793 1317 897 1394 dehet,
921 1326 949 1376 ut
963 1318 1026 1394 gin·

25 1401 98 1478 gira
116 1399 154 1458 ah
169 1418 205 1460 eo
222 1400 400 1461 resolvatur:
422 1411 480 1461 tum
500 1403 524 1460 is
553 1401 759 1462 concutiendus
779 1412 842 1482 est;
868 1421 966 1481 caque
987 1403 1028 1463 fa·

28 1482 152 1560 cienda,
198 1484 293 1545 donec
307 1485 383 1544 bene
398 1494 562 1546 moveatur:
579 1504 642 1545 nam
657 1483 729 1544 dens
738 1485 862 1546 haerens
875 1505 939 1545 cum
953 1503 1026 1544 sum·

26 1586 76 1628 mo
93 1568 226 1647 periculo
242 1568 392 1648 evellitur,
409 1588 443 1630 ac
459 1587 658 1648 nonnunquam
672 1569 787 1630 maxilla
801 1571 869 1631 loco
885 1577 1026 1630 mouetur.

10 1651 123 1731 sldque
140 1655 224 1712 etiam
237 1654 346 1728 majore
355 1615 524 1731 pe’riculoin
537 1653 735 1731 superioribus
750 1653 883 1714 dmrtibus
898 1655 941 1721 lit;
961 1654 1026 1731 quia

30 1744 132 1815 potest
157 1745 289 1836 tempora
307 1738 468 1816 oculosque
485 1747 653 1798 concutere.
676 1738 768 1836 Tum,
791 1741 815 1798 si
839 1740 902 1798 heri
919 1745 1025 1836 potest,

30 1837 130 1888 manu;
152 1821 177 1879 si
191 1821 427 1899 minus,forcipe
443 1822 544 1900 (idest
562 1809 764 1903 ὀδοντάγρα)
788 1822 860 1884 dens
878 1823 1025 1901 excipien-

32 1903 86 1964 dus
98 1912 160 1964 est:
180 1922 223 1982 ao,
238 1906 263 1964 si
280 1923 386 1965 exesus
401 1914 453 1982 est,
470 1914 536 1966 ante
547 1907 575 1966 id
590 1906 720 1968 foramen
736 1907 783 1966 vel
800 1908 964 1983 linamento,
978 1905 1026 1964 vel

30 1987 109 2046 hene
124 1990 345 2051 accommodato
360 1989 476 2068 plumbo
495 1991 666 2069 replendum
693 2001 755 2067 est,
778 2009 814 2050 ne
835 1989 888 2050 sub
912 1990 1025 2066 forcipe

11 2071 241 2148 scoofringatur.
271 2075 363 2134 Recta
380 2093 451 2134 vero
472 2075 591 2154 forceps
612 2075 760 2134 ducendus
774 2085 833 2150 est,
855 2093 892 2134 nc
913 2073 1025 2133 inflexis

32 2154 178 2216 radicibus
194 2173 227 2217 os
243 2175 353 2235 rarum,
377 2160 421 2218 cui
442 2157 513 2218 dens
537 2159 682 2234 inhaeret,
705 2168 789 2237 parte
802 2159 897 2236 aliqua
911 2157 1025 2232 frangu-

32 2249 89 2298 tur.
118 2239 221 2320 Neque
245 2242 312 2303 ideo
333 2243 440 2304 nullum
461 2244 523 2318 ejus
547 2245 590 2302 rei
614 2241 772 2321 periculum
798 2251 856 2311 est;
888 2239 1026 2318 ntiquein

34 2322 167 2384 dentibus
184 2324 339 2401 brevibus,
357 2329 405 2404 qui
420 2327 484 2387 fere
499 2327 649 2403 longiores
663 2326 778 2386 radices
792 2325 913 2386 habeut:
937 2340 1025 2401 saepe

35 2408 110 2466 enim
123 2408 259 2488 forceps,
277 2429 360 2489 quum
375 2410 490 2471 dentem
506 2409 755 2488 comprehendere
773 2427 830 2470 non
852 2409 959 2489 possit,
980 2415 1027 2466 aut

12 2507 26 2548 s
35 2489 139 2551 frustra
155 2495 397 2572 comprehendat,
421 2512 455 2554 os
477 2496 613 2572 gingivae
635 2494 787 2573 prehendit
805 2504 834 2554 et
848 2494 954 2571 frangit
978 2491 1024 2569 (P.

35 2575 112 2652 Aeg.
131 2574 186 2651 Vl,
211 2576 277 2656 28).
306 2577 440 2638 Protinus
462 2588 572 2656 autem,
595 2579 641 2638 uhi
655 2578 719 2658 plus
737 2580 883 2657 sanguinis
899 2575 1025 2657 profluit,

36 2661 112 2718 scire
126 2659 195 2719 licet
209 2661 317 2741 aliquid
330 2682 367 2722 ex
383 2680 451 2722 osse
466 2663 588 2723 fractum
603 2680 679 2722 esse.
711 2662 791 2740 Ergo
817 2663 940 2744 specillo
958 2678 1025 2722 con·

37 2743 173 2820 quirenda
195 2754 240 2804 est
265 2755 354 2823 testu,
377 2764 451 2824 quae
476 2749 617 2824 recessit,
642 2755 671 2806 et
690 2747 813 2808 vulsella
833 2744 1026 2826 protrahenda

38 2835 98 2886 est:
120 2827 144 2886 si
161 2846 219 2889 non
233 2831 377 2908 sequitur,
405 2831 491 2891 incidi
502 2833 620 2908 gingiva
634 2830 738 2906 dehet,
754 2831 848 2890 donec
863 2830 963 2891 labans
975 2844 1021 2886 os·

14 2911 79 2970 osis
94 2918 165 2972 testa
179 2915 344 2991 recipiatur.
377 2915 498 2990 Quodsi
512 2914 618 2975 factum
639 2917 731 2974 stetim
751 2929 808 2973 non
829 2921 888 2986 est,
913 2910 1024 2970 indure-

39 2993 93 3054 scit
108 2997 285 3056 extricsecus
302 2999 428 3074 maxilla,
469 3007 498 3056 ut
512 3000 537 3058 is
554 2998 635 3056 hiare
654 3015 711 3056 oon
729 2998 832 3074 possit.
874 2995 1024 3074 lmponen·

40 3077 102 3138 dum
118 3079 236 3139 calidum
253 3099 290 3140 ex
306 3083 397 3144 farina
413 3091 442 3142 et
458 3084 514 3143 lico
531 3084 706 3162 cataplasma
719 3091 779 3159 est,
806 3081 901 3142 donec
918 3079 956 3138 ihi
972 3096 1026 3158 pus

39 3172 197 3224 moveatur:
209 3172 266 3224 turn
280 3167 365 3226 incidi
380 3166 498 3243 gingiva
514 3166 610 3226 dehet.
627 3167 683 3227 Pus
699 3184 814 3244 quoque
830 3165 944 3226 multum
959 3180 1026 3242 pro-

41 3245 145 3323 fluens,
169 3250 243 3308 ossis
266 3250 350 3310 fracti
373 3259 441 3311 nota
468 3259 522 3310 est.
557 3249 657 3330 ltaque
683 3252 767 3310 etiam
787 3259 854 3310 tunc
868 3250 896 3310 id
915 3247 1025 3310 extrahi

15 3332 180 3390 reconvenit.
196 3333 405 3413 Nonnunquam
420 3336 513 3413 etiam,
530 3351 565 3393 co
578 3335 671 3411 laeso,
681 3335 781 3395 fissura
797 3335 841 3395 iit:
859 3353 932 3412 quae
948 3330 1025 3390 eradi

44 3413 142 3475 debet,
167 3415 246 3476 Dens
267 3427 360 3478 autem
381 3417 503 3497 scaber,
529 3437 584 3497 qua
605 3429 686 3497 parte
702 3420 785 3497 niger
806 3426 861 3496 est,
882 3413 1025 3478 radendus
