2444 3904
87 208 124 255 vt
504 204 711 254 resultante.

86 359 184 422 multis
196 361 256 441 jam
272 360 378 422 abhinc
393 361 479 422 annis
498 360 585 421 edere
602 375 757 438 aggressus
773 365 825 420 est
865 357 916 420 Cui
930 356 1011 426 viro,
1029 375 1120 436 quum

86 444 167 505 brevi
187 451 289 521 postea
309 445 386 504 diem
408 462 579 522 supremum
602 444 721 513 obierit,
743 460 803 504 non
824 459 946 520 possum
967 443 1037 519 quin
1061 441 1118 512 bie,

87 529 238 588 occasione
260 529 340 598 data,
364 545 419 604 pro
441 529 559 606 egregia
579 531 609 588 in
630 545 678 587 me
698 526 894 588 benivolentia
914 524 1032 604 publice
1052 541 1118 602 gra·

84 617 148 670 tum
175 614 304 672 animum
332 610 476 672 obtestcr:
509 628 565 671 nec
591 613 720 672 minores
747 612 857 686 gratiae
885 610 958 670 mihi
989 609 1120 687 agendae

48 721 53 734 ι
85 700 153 754 sunt
174 694 261 774 hujus
277 697 332 755 viri
353 695 482 770 generis,
505 695 555 772 qui
573 694 648 774 jam,
669 712 773 754 socero
794 695 851 754 rita
872 694 1024 762 deiuncto,
1046 710 1119 771 opus

86 778 166 854 quod
186 777 234 838 ille
254 779 405 838 inchoarat
425 795 540 837 summo
558 777 654 837 studio
674 777 825 837 absolvere
846 784 982 853 pergunt.

169 861 280 923 Vereor
296 868 445 921 tamenne
461 860 541 922 hisce
563 860 714 922 conatibus
732 861 947 928 admirationis,
968 877 1024 938 qua
1043 860 1118 939 jam·

86 945 137 1005 diu
158 944 273 1006 Celsum
295 943 384 1011 colui,
406 943 548 1023 majorem
568 945 712 1005 rationem
731 942 885 1004 habuerim
906 961 995 1021 quam
1014 944 1119 1004 virium

47 1054 58 1063 ‚
85 1045 219 1088 mearum
240 1026 410 1102 exiguitatis.
448 1028 515 1088 lam
533 1027 617 1098 olim,
639 1045 730 1105 quum
747 1029 784 1088 de
798 1027 1038 1105 interpretatione
1055 1026 1118 1108 Cel·

84 1111 166 1169 siaua
181 1128 197 1168 a
212 1114 380 1170 doctissimo
394 1110 451 1171 Des
462 1096 572 1187 Etangs
587 1112 662 1171 edita
673 1110 762 1171 verba
776 1112 914 1179 lacerem,
927 1109 995 1189 jure
1009 1113 1119 1188 optimo

84 1193 205 1252 summis
226 1191 361 1253 laudibus
383 1193 473 1254 extuli
493 1196 609 1272 egregia
631 1196 661 1254 in
680 1193 796 1256 Celsum
817 1195 920 1254 merita
939 1195 994 1254 viri
1019 1192 1117 1256 claris·

84 1275 150 1336 simi
162 1275 288 1352 Targae,
304 1279 368 1354 qui,
385 1279 515 1356 quamvis
530 1281 646 1356 saepius
660 1278 834 1339 morborum
848 1278 944 1338 taedio
958 1277 1003 1337 vel
1018 1295 1119 1338 rerum

84 1356 270 1436 publicarum
296 1361 407 1420 vicibus
441 1361 477 1421 ab
506 1363 623 1440 incepto
650 1363 819 1431 distractus,
848 1361 1037 1422 nihilominus
1064 1379 1119 1439 per

85 1448 178 1502 totum
190 1442 251 1503 lere
261 1444 335 1505 vitae
348 1444 537 1515 curriculum,
553 1447 632 1525 quod
647 1447 674 1506 ei
690 1447 758 1506 satis
775 1443 896 1523 longum
911 1444 1023 1521 obtigit,
1038 1462 1119 1505 sum·

84 1542 163 1586 mam
181 1544 301 1604 operam
320 1528 399 1589 dedit
417 1535 449 1588 ut
466 1548 482 1589 e
499 1529 574 1590 Celsi
590 1536 725 1590 contextu
745 1535 925 1606 expungeret
946 1528 1053 1588 menda
1073 1530 1118 1588 iu·

83 1625 208 1669 numera
222 1610 328 1687 quibus
343 1619 554 1688 conspurcatae
567 1620 651 1673 erant
665 1630 766 1674 omncs
778 1612 918 1672 editiones
930 1613 1116 1690 antiquiores.

84 1689 168 1751 Tunc
200 1696 341 1770 temporis
373 1695 520 1760 allirmarc
546 1715 633 1758 ausus
659 1714 740 1766 sum,
775 1697 863 1756 etiam
888 1702 971 1772 post,
984 1693 1118 1756 laborem
1169 1700 1174 1704 “

84 1791 102 1834 a
124 1774 219 1850 'larga
238 1777 432 1848 exantlatum,
454 1780 543 1840 immo
566 1787 632 1858 post
651 1797 736 1840 curas
755 1786 923 1849 renovatas
946 1797 1019 1856 quas
1039 1780 1118 1840 idem

83 1857 127 1916 rir
143 1858 173 1916 in
193 1859 348 1920 novissima
368 1879 420 1922 sua
441 1863 566 1924 editione
574 1863 596 1941 *l
618 1862 693 1923 Celsi
714 1881 790 1922 anno
811 1861 890 1924 1810
912 1864 964 1922 lto
984 1862 1118 1924 Veronae

84 1939 159 2000 edita
181 1940 290 2019 publici
306 1943 382 2022 juris
404 1946 486 2014 lecit,
515 1945 607 2022 multa
628 1947 724 2007 adhuc
743 1946 925 2008 emendanda
946 1964 1116 2024 superesse;

82 2023 205 2101 posthac
225 2027 341 2102 saepius
356 2028 452 2088 denuo
468 2030 595 2090 cundem
610 2029 727 2091 Celsum
744 2029 913 2099 retractavi,
937 2037 1023 2108 atque
1038 2031 1068 2090 in
1082 2048 1116 2092 ca

81 2123 116 2166 re
143 2109 235 2185 magis
261 2125 378 2187 semper
406 2114 557 2191 magisque
584 2114 655 2174 mihi
683 2114 817 2191 persuasi
841 2132 889 2173 mc
917 2131 976 2174 non
1005 2113 1116 2174 trustra
1220 2157 1221 2160 κ

82 2188 153 2249 olim
174 2189 248 2252 baec
268 2193 438 2256 affirmasse.
481 2195 572 2258 Recte
596 2216 666 2258 sane
688 2200 802 2274 agnovit
823 2197 919 2274 Targa
939 2195 1114 2274 quibusnam

81 2271 111 2332 in
126 2273 216 2335 rebus
234 2277 477 2354 reprehendenda
493 2288 568 2342 esset
581 2283 669 2343 editio
685 2281 832 2348 Lindenii,
855 2282 905 2360 qui
920 2281 1006 2340 nimia
1020 2285 1112 2340 teme·

80 2356 182 2426 ritate,
204 2376 242 2418 ne
263 2361 357 2426 dicam
378 2364 567 2425 audacissima
587 2366 791 2442 protervitate,
809 2363 890 2424 Celsi
910 2364 998 2424 verba
1015 2381 1113 2424 emcn-

81 2437 152 2498 dare
169 2449 289 2502 conatus
310 2452 366 2512 est;
391 2457 471 2506 recte
492 2451 640 2524 perspexit
658 2449 734 2506 idem
755 2449 854 2524 quanti
873 2447 1042 2508 aestimandi
1056 2448 1115 2507 sint
1219 2529 1220 2532 Ἴ

80 2517 139 2578 duo
161 2523 355 2599 antiquissimi
371 2529 488 2587 codices
510 2530 588 2589 hunc
615 2532 789 2605 scriptorem
810 2530 994 2598 exhibentes,
1027 2531 1114 2589 nimi·
1186 2592 1194 2600 ,

78 2619 146 2662 rum
178 2603 253 2664 Med.
278 2607 291 2666 l
323 2615 352 2667 et
383 2610 444 2668 Vat.
467 2609 545 2679 vlll;
590 2611 778 2674 nihilominus
810 2621 906 2674 tamen
938 2612 1113 2674 Lindenium

78 2687 187 2762 passim
212 2691 294 2765 sequi
319 2691 435 2761 maluit,
462 2693 514 2752 ubi
539 2713 587 2755 mc
609 2694 707 2774 judice
734 2697 814 2760 bisce
846 2697 972 2774 egregiis
1003 2698 1113 2758 instru-

1 2802 2 2807 κ
76 2771 183 2865 mentis
201 2771 287 2830 sudem
306 2773 414 2835 habere
431 2775 564 2838 debebat.
610 2779 694 2849 Quod
713 2800 783 2854 vero
801 2799 917 2858 semper
938 2782 969 2841 in
990 2781 1112 2842 edendis

77 2855 182 2928 priscis
206 2851 289 2914 libris
318 2875 465 2919 summum
487 2859 577 2944 habui
598 2867 804 2943 praeceptum,
832 2867 862 2926 id
888 2882 967 2926 nunc
994 2883 1112 2943 quoque

80 2983 280 2999 -——————-

144 3050 169 3115 ³²)
186 3054 285 3132 Exstat
303 3071 369 3106 sane
389 3057 473 3109 editio
490 3062 575 3110 tertia
593 3067 707 3114 curante
719 3064 812 3129 Targa
830 3078 900 3128 qnae
918 3063 1030 3113 Paduae
1044 3061 1110 3115 1815

79 3113 123 3164 12⁰
139 3119 253 3198 prodmt3
283 3122 387 3173 dehac
406 3125 527 3177 editione
546 3133 651 3192 tamen,
672 3146 741 3195 quae
757 3146 868 3196 perraro
882 3129 991 3180 obviam
1003 3129 1046 3194 fit,
1066 3136 1108 3182 ta-

78 3188 146 3263 cent
166 3185 364 3268 bxbhographi,
396 3206 448 3242 nec
472 3194 547 3244 aliud
569 3196 634 3259 quid
657 3200 779 3247 continet
801 3199 856 3246 nisi
880 3197 1028 3260 repetitum
1052 3198 1108 3248 edi·

76 3251 162 3328 tronus
174 3251 339 3306 Veronensxs
353 3263 520 3323 contextum,
541 3263 651 3312 etiamsi
666 3264 853 3329 typographus
870 3265 900 3313 in
912 3265 1016 3314 monito
1027 3279 1107 3328 prae-

77 3330 160 3397 misso
178 3318 295 3371 lectores
315 3326 445 3376 certiores
463 3327 553 3377 faciat
570 3345 599 3378 se
623 3331 652 3378 in
674 3345 751 3378 usum
773 3344 851 3380 suum
871 3333 1042 3383 convertisse
1060 3345 1108 3381 no-

76 3395 204 3435 vissimas
223 3389 428 3441 emendationes
447 3408 514 3456 quas
533 3395 682 3458 exemplari
700 3397 827 3446 editionis
846 3401 913 3450 enni
932 3397 997 3450 1810
1014 3397 1105 3462 subja·

78 3457 156 3504 cerat
172 3453 265 3522 Targa
282 3457 329 3520 qui
346 3461 533 3523 nonagenario
550 3461 638 3526 major
655 3466 776 3515 mortuus
794 3469 845 3520 est.
