2384 3896
363 225 432 274 Lm.
447 223 480 272 V.
503 223 579 272 OAP.
595 225 695 274 V—X.

374 377 554 442 onPUT
585 379 677 442 vlt

358 493 427 554 Quae
451 494 560 547 exedant
590 508 689 560 corpus.

91 628 225 688 Exedunt
236 645 344 708 corpus
356 631 472 690 acaciae
485 646 600 706 succus,
613 627 751 708 hebenus,
765 647 888 708 aerugo,
904 647 1020 709 squama

37 713 126 788 acris,
149 711 351 788 chrysocolla,
376 713 446 772 einis
468 715 601 792 cyprius,
626 713 742 790 nitrum,
769 713 893 789 cadmia,
921 731 1020 791 spuma

17 797 161 872 surgenti,
177 796 355 873 hypocistis,
370 795 543 874 diphryges,
559 796 612 870 sal,
627 796 873 875 auripigmentum,
890 796 1020 876 sulphur,

38 880 141 957 cicuta,
159 877 353 954 sandaracha,
371 878 564 957 salamandra,
581 878 759 956 alcyouium,
774 882 850 940 aeris
861 879 926 955 llos,
944 878 1020 938 chal·

38 964 115 1044 citis,
142 973 328 1022 atramentum
350 964 501 1040 sutorium,
530 961 635 1038 ochra,
663 962 745 1038 calx,
772 962 868 1044 galla,
895 963 1020 1038 alumen,

37 1045 80 1106 lac
91 1047 231 1125 capriiici,
247 1047 294 1106 vel
306 1045 436 1108 lactucae
447 1046 582 1122 marinae,
599 1063 672 1124 quae
683 1037 888 1126 τιθύμαλλος
903 1064 918 1104 a
932 1044 1022 1106 Grae-

39 1130 77 1188 cis
98 1131 273 1206 nominatur,
302 1129 357 1204 iel,
380 1131 451 1190 turis
470 1129 577 1206 fuligo,
600 1127 748 1211 spodium,
778 1128 929 1204 lenticula,
954 1128 1020 1203 mel,

11 1212 116 1272 moleac
138 1213 225 1291 lolia,
248 1213 436 1292 marrubium,
459 1213 534 1291 lapis
557 1208 740 1292 haematites,
762 1221 791 1272 et
815 1211 970 1292 phrygius,
993 1219 1022 1270 et

40 1297 174 1379 assius,er
188 1297 328 1374 scissilis,
346 1299 436 1376 misy,
453 1297 565 1374 vinum,
582 1305 703 1356 acetum.

361 1477 543 1539 OAPU'I'
576 1476 696 1536 VIII.

352 1629 356 1636 -
427 1593 495 1653 Quae
513 1593 628 1644 adurant.

97 1727 225 1786 Adurunt
243 1727 496 1805 auripigmentum,
512 1731 697 1788 atramentum
712 1724 865 1798 sutorium,
881 1721 1020 1795 chalcitis,

15 1810 121 1886 ¹⁵misp,
146 1827 273 1887 aerugo,
297 1810 380 1886 calx,
403 1809 500 1871 charta
522 1811 687 1885 combusta,
713 1807 771 1882 sal,
792 1822 909 1884 squama
933 1806 1021 1878 aeris,

43 1891 102 1958 laer
116 1894 282 1970 combusta,
303 1894 435 1972 myrrha,
457 1904 569 1956 stercus
584 1903 613 1956 et
625 1892 742 1968 lacerti,
767 1899 795 1952 et
810 1886 976 1962 columbae,
993 1894 1027 1946 et.

44 1977 177 2054 palumbi,
211 1987 240 2040 et
266 1977 438 2054 hirundinis,
468 1980 568 2059 piper,
598 1994 717 2040 coccum
741 1973 885 2052 gnidium,
914 1968 1021 2044 allium,

45 2059 208 2142 diphryges,
230 2062 276 2123 lac
297 2070 445 2139 utrumque
473 2061 548 2139 qrrod
574 2063 706 2140 proximo
727 2058 822 2135 capite
844 2073 930 2134 supra
946 2070 1021 2112 com·

46 2143 207 2220 prehensum
229 2155 290 2222 est,
316 2154 458 2206 veratrum
481 2153 509 2204 et
524 2143 618 2205 album
635 2152 664 2204 et
678 2144 806 2218 nigrum,
831 2136 1021 2212 cantharides,

18 2233 38 2274 2⁰
48 2229 198 2306 corallium,
220 2226 401 2308 pyrethrum,
428 2237 489 2303 tus,
505 2225 697 2300 salamandra,
713 2239 818 2296 eruca,
834 2217 1020 2290 sandaracha,

46 2327 93 2370 uva
111 2314 240 2388 taminia,
270 2309 470 2386 chrysocolla,
492 2309 597 2387 ochra,
621 2308 732 2368 alumen
755 2302 882 2378 scissile,
905 2300 1021 2362 ovillum

48 2403 164 2473 stercus,
181 2395 335 2456 oenanthe.

387 2528 568 2589 CAPUT
604 2527 672 2587 IX.

294 2644 363 2702 Quae
383 2650 480 2694 crustas
499 2642 623 2692 ulceribus
639 2641 767 2691 inducant.

23 2797 43 2836 a
103 2778 209 2840 lladem
230 2781 292 2840 iere
314 2787 424 2839 crustas
446 2777 590 2837 ulceribus
611 2785 752 2854 tamquam
772 2773 840 2850 igne
860 2769 967 2830 adustis
982 2769 1021 2823 in·

17 2911 19 2916 .
50 2859 157 2940 ducunt,
183 2865 235 2924 sed
257 2864 413 2942 praecipua
433 2861 577 2938 chalcitis,
606 2863 702 2937 utique
724 2858 747 2916 si
770 2864 854 2914 cocta
880 2860 938 2924 est,
968 2847 1022 2942 llos

50 2947 131 3022 carls,
152 2965 276 3024 aerugo,
303 2946 556 3024 auripigmentum,
582 2945 673 3017 misy,
702 2948 731 2999 et
750 2938 777 2997 id
798 2952 912 3016 quoque
932 2947 1023 3004 magns

52 3037 159 3089 coelum.

400 3144 582 3204 CAPUT
618 3143 659 3202 X.

27 3274 46 3316 lo
293 3262 361 3322 Quae
379 3269 476 3311 crustas
495 3259 619 3309 ulceribus
639 3256 774 3306 resolvant.

122 3395 242 3456 'Crustas
265 3414 335 3456 vero
356 3397 407 3456 bas
428 3395 551 3455 resolvit
565 3394 654 3452 iarina
667 3389 780 3448 triticea
796 3403 858 3444 cum
873 3391 954 3456 ruta,
976 3377 1022 3434 vel

27 3520 30 3528 .
57 3491 150 3563 porro,
165 3490 210 3540 aut
226 3479 375 3557 lenticula,
393 3481 437 3539 cui
453 3478 546 3537 mellis
561 3473 667 3552 aliquid
682 3471 823 3612 adeptrpm
835 3468 885 3570 sit.
