2392 3906
420 249 686 300 mmmm
1009 235 1049 298 w

45 408 196 479 corrupta
213 411 267 478 est,
284 403 361 464 nullo
376 403 461 462 modo
474 403 574 464 melius
589 407 772 466 succurritur.
799 406 880 485 Ergo
894 406 1050 466 vehemens

42 483 154 560 febris,
172 485 220 544 ubi
235 485 318 546 rubet
334 503 458 565 corpus,
479 487 640 566 plenaeque
658 508 748 551 venae
764 499 885 568 tument,
903 491 1050 568 sanguinis

43 569 264 630 detractionem
285 573 418 649 requirit:
448 573 515 631 item
540 576 681 634 viscerum
706 574 811 650 morbi,
838 591 1049 653 nervorumque

43 652 208 731 resolutio,
226 663 255 714 et
271 657 363 732 rigor,
381 664 410 715 ει
425 655 575 717 distentio:
592 658 728 736 quidquid
742 658 866 738 denique
881 661 981 720 fauces
997 657 1049 717 dii·

20 757 32 796 ε
45 737 182 797 iicuitate
194 740 310 818 spiritus
322 739 497 816 drangulum
515 741 650 820 quidquid
663 743 756 803 subito
769 745 919 823 supprimit
932 759 1048 810 vocem;

44 821 185 902 qnisq'uis
208 823 398 883 intolerabilis
419 824 504 884 dolor
524 835 583 895 est;
601 829 634 885 'et
650 845 827 906 quacumque
849 827 885 888 de
901 845 987 888 causa
1003 845 1048 886 ru·

43 916 129 987 ptum
154 905 359 986 aliquidintus
380 917 464 988 atque
489 909 619 984 collisum
636 915 783 989 estzitem
804 911 895 972 malus
915 911 1049 990 corporis

43 990 177 1068 babitus,
195 1009 353 1070 omnesque
368 995 443 1052 acuti
459 993 560 1071 morbi,
578 997 624 1073 qui
641 995 737 1071 modo,
754 1006 783 1056 ut
799 1014 886 1075 supra
901 995 976 1070 dixi,
991 1010 1048 1052 nnn

45 1075 224 1153 infirmitate,
243 1076 294 1136 sed
311 1095 400 1138 onere
417 1088 533 1138 nocent.
563 1078 641 1139 Fieri
658 1089 751 1140 tamen
766 1089 871 1158 potest,
889 1089 918 1140 ut
932 1069 1049 1138 morbus

14 1181 42 1222 ro
53 1159 169 1238 quidem
180 1159 209 1220 id
224 1160 385 1238 desideret,
411 1181 520 1241 corpus
541 1171 634 1222 autem
656 1167 706 1224 vix
726 1166 785 1244 pati
802 1182 889 1245 posse
904 1162 1047 1222 videatur:

50 1243 108 1302 sed
127 1246 150 1302 si
172 1244 278 1304 nuilum
301 1255 395 1306 tamen
416 1256 555 1325 appareat
579 1247 655 1307 aliud
677 1249 826 1327 auxilium,
847 1250 1048 1328 periturusque

47 1330 87 1387 sit
108 1329 155 1406 qui
171 1328 301 1405 laborat,
322 1331 376 1389 nisi
397 1333 548 1406 temeraria
564 1350 679 1411 quoque
695 1334 741 1393 via
759 1333 846 1393 inerit
870 1332 997 1408 adJutus;
1020 1331 1048 1389 in

42 1412 199 1472 bocstatu
215 1412 282 1472 boni
300 1413 404 1474 medici
419 1423 464 1474 est
478 1415 645 1491 ostendere,
664 1435 747 1496 qnam
759 1417 835 1478 nulla
849 1435 918 1496 spes
933 1417 971 1476 sit
985 1415 1048 1474 sine

44 1496 202 1573 sanguinis
222 1497 418 1581 detractione,
441 1499 585 1577 faterique
606 1508 726 1579 quantus
743 1501 771 1559 in
794 1501 849 1560 hac
870 1504 934 1580 ipsa
955 1507 1047 1558 metus

12 1603 36 1643 ιε
49 1584 101 1640 sit:
122 1589 153 1640 et
169 1589 227 1640 turn
240 1581 369 1659 demum,
393 1585 416 1641 si
432 1583 582 1661 exigetur,
600 1586 766 1661 sanguinem
781 1585 903 1647 mittere.
930 1582 975 1645 De
989 1599 1047 1660 quo

47 1663 217 1728 dubitarim
232 1665 373 1741 ejusmodi
388 1684 420 1724 re
438 1682 496 1725 non
518 1675 649 1747 oportet:
685 1672 773 1728 satius
789 1678 833 1728 est
847 1671 921 1728 enim
938 1684 1046 1744 anceps

39 1749 187 1810 *auxilinm
203 1752 347 1830 experiri,
372 1769 455 1829 quam
472 1750 588 1810 nullum.
620 1751 710 1831 quue
725 1755 846 1812 maxime
867 1753 929 1812 fieri
949 1750 1047 1826 debet,

42 1833 92 1894 ubi
106 1836 193 1893 nervi
207 1834 327 1894 resoluti
342 1843 421 1904 sunt;
435 1835 482 1895 ubi
497 1834 590 1896 subito
604 1836 706 1914 aliquis
720 1837 871 1906 obmutuit;
882 1836 930 1896 ubi
943 1835 1046 1912 angina

43 1917 246 1996 strangulatur
254 1918 309 1998 (ci.
317 1917 369 1996 tv,
376 1918 427 1996 4);
441 1919 488 1978 ubi
503 1921 608 1999 prioris
620 1919 711 1980 febris
723 1923 856 1982 accessio
868 1938 962 2000 paene
979 1935 1045 1978 con·

9 2005 129 2080 coiecit,
147 2020 306 2080 paremque
323 2002 459 2082 subsequi
475 2004 632 2063 verisimile
652 2015 712 2082 est,
728 2023 823 2084 neque
837 2020 899 2065 eam
915 2003 1046 2064 ‘videntur
1107 2034 1110 2040 ι

42 2089 195 2148 sustinere
208 2089 289 2163 aegri
299 2089 376 2146 vires
389 2103 487 2165 posse.
501 2087 592 2162 Quum
604 2089 640 2146 sit
652 2097 745 2148 autem
757 2091 870 2149 minime
884 2087 972 2148 crudo
983 2105 1045 2146 san·

42 2173 111 2250 guis
132 2170 303 2247 mittendus,
324 2181 472 2231 tamenne
493 2171 522 2230 id
542 2172 656 2250 quidem
676 2176 846 2253 perpetuum
867 2179 926 2230 est:
951 2188 1046 2247 neque

43 2257 122 2316 enim
136 2273 256 2334 semper
271 2257 490 2316 concoctionem
506 2273 554 2314 res
569 2263 729 2334 exspectat.
759 2255 840 2332 Ergo
861 2256 892 2314 si
907 2272 944 2313 ex
960 2272 1045 2332 supe-

44 2341 126 2399 riore
142 2348 228 2418 parte
240 2339 343 2418 aliquis
358 2338 474 2416 decidit,
492 2339 516 2398 si
529 2347 665 2397 contusus
683 2348 737 2416 est,
753 2341 776 2398 si
792 2357 829 2397 ex
841 2336 1046 2416 aliquo'subito

13 2441 124 2486 occasu
138 2425 304 2502 sanguinem
319 2423 422 2502 vomit,
440 2424 568 2502 quamvis
582 2422 667 2500 paulo
684 2431 749 2482 ante
764 2423 863 2482 sumsit
879 2421 987 2499 cibum,
1004 2430 1045 2482 ta-

45 2525 115 2566 men
129 2510 261 2586 protinus
277 2509 303 2567 ei
318 2506 457 2567 demenda
473 2509 590 2566 materia
606 2515 665 2583 est,
681 2525 726 2582 ne,
744 2507 767 2566 si
784 2506 964 2584 subsederit,
981 2525 1045 2567 cor·

44 2611 100 2672 pus
119 2592 242 2670 affligat.
275 2591 412 2671 idemque
427 2593 512 2651 etiam
528 2593 555 2649 in
578 2591 640 2650 aliis
663 2591 778 2651 casibus
799 2592 975 2670 repentinis,
998 2593 1045 2670 qui

42 2675 283 2754 strangulabant,
305 2675 410 2735 dictum
427 2677 490 2736 erit.
528 2674 566 2734 Αι
586 2677 609 2734 si
624 2675 715 2736 morbi
730 2677 804 2736 ratio
828 2677 966 2754 patietur,
987 2685 1046 2735 tum

42 2760 159 2820 demum
176 2759 252 2820 nnlla
270 2759 416 2820 cruditatis
428 2760 593 2838 suspicione
607 2771 772 2821 remanente
784 2760 812 2820 id
826 2761 885 2821 iret.
915 2759 1046 2837 Ideoque

8 2867 33 2910 to
41 2847 67 2906 ei
91 2847 137 2905 rei
155 2843 270 2904 videtur
284 2845 446 2922 aptissimus
462 2843 603 2904 aduersae
621 2845 791 2904 valetudinis
810 2846 871 2904 dies
890 2844 1044 2918 sccundus,

39 2939 89 2990 ant
115 2929 231 2988 tertius.
264 2929 322 2988 Sed
349 2927 554 3007 utaliquando
582 2930 666 2987 etiam
688 2929 779 3005 primo
807 2928 853 2987 die
876 2930 1045 3004 sanguinem

38 3017 160 3073 mittere
184 3031 306 3072 necesse
331 3021 389 3089 est,
414 3015 457 3072 sic
478 3029 628 3089 numquam
649 3011 718 3072 utile
739 3020 806 3090 post
826 3011 900 3071 diem
915 3020 1045 3090 quartum

40 3108 95 3174 est,
116 3115 206 3176 quum
219 3098 280 3172 jam
294 3099 388 3175 spatio
404 3098 470 3174 ipso
488 3096 608 3156 materia
623 3103 651 3154 et
665 3095 802 3156 exhausta
820 3104 874 3172 ost,
893 3103 922 3154 et
938 3103 1045 3173 corpus

41 3183 194 3259 corrupit:
211 3189 240 3240 ut
255 3180 394 3240 detractio
409 3179 583 3240 imbecillum
598 3179 626 3238 id
640 3179 740 3240 facere
756 3182 862 3258 possit,
880 3197 936 3238 non
952 3181 1045 3258 possit

10 3266 201 3343 sinregrum.
231 3263 315 3340 Quod
336 3266 361 3323 si
382 3263 539 3325 vehemens
558 3263 648 3323 febris
670 3272 769 3340 urget,
798 3263 826 3322 in
851 3265 915 3343 ipso
936 3264 1045 3342 impetu

6 3371 11 3376 ·
41 3353 107 3426 eius
128 3351 300 3425 sangninem
315 3349 444 3425 mittere,
468 3347 608 3407 hominem
619 3347 755 3424 jugulare
772 3357 825 3406 est.
840 3345 1043 3427 Exspectanda

42 3452 118 3511 ergo
135 3433 274 3494 remissio
291 3441 350 3502 est;
370 3435 393 3492 si
409 3451 466 3508 non
482 3431 641 3508 decrescit,
658 3431 709 3491 scd
725 3449 862 3491 crescere
878 3431 977 3506 desiit,
993 3447 1042 3487 ne-

1 3576 2 3579 ,
41 3535 99 3597 que
113 3526 250 3597 speratur
262 3516 404 3595 remissio,
412 3526 473 3576 tum
486 3531 611 3593 quoque,
628 3517 756 3592 quamvis
769 3516 864 3594 peior,
877 3514 940 3574 sola
949 3522 1042 3574 tamen
