2372 3892
143 185 204 248 324
433 195 466 244 u.
479 193 509 242 c.
522 193 620 242 ouusr
640 191 834 240 unorcrunn

143 351 237 427 capite
253 365 287 408 os
305 357 371 427 post
385 365 482 408 aurem
499 356 559 420 est,
580 365 635 425 qua
651 345 783 424 capillus,
801 354 831 403 ut
843 343 1006 403 verisimile
1024 353 1083 418 est,
1102 342 1136 404 olr

142 433 170 492 id
188 434 280 511 ipsum
296 450 352 490 non
369 433 505 509 gignitur.
536 430 594 489 Sub
617 431 652 490 iis
674 446 790 507 quoque
813 429 970 502 musculis,
995 427 1049 504 qui
1072 437 1135 486 ten·

143 535 215 596 pora
230 523 416 586 connectunt,
429 515 594 572 osmedium
608 513 663 591 (ci.
673 511 734 572 Gal.
749 511 797 572 De
810 511 946 583 ossibus,
963 520 998 570 et·
1009 509 1135 570 Oridoi.

144 599 223 661 Coti.
242 598 318 658 med.
334 595 438 673 XXIV,
453 599 499 674 3),
519 599 547 656 in
563 598 736 656 exteriorem
753 604 863 674 quartem
883 595 1072 670 inclinatum,
1090 612 1135 671 po·

118 701 124 720 ·
145 687 227 744 situm
244 691 287 742 est
302 685 346 760 (o.
365 681 578 758 woeiforme).
612 681 651 739 At
670 680 763 738 facies
785 688 911 738 suturam
933 677 1029 736 habet
1052 680 1152 738 mauis

142 785 230 834 mam:
255 783 329 845 quae
354 774 519 842 atempore
542 765 699 842 incipiens,
717 780 770 841 per
784 762 895 822 medios
911 763 1022 822 oculos
1041 780 1135 820 nares·

143 869 198 930 que
219 858 383 908 transversa
400 846 580 926 pervenitad
598 845 718 906 alterum
743 856 865 925 tempus.
895 845 922 904 Α
947 862 1007 923 qua
1032 845 1135 904 breves

144 935 216 994 durae
232 931 284 992 sub
306 931 488 990 interioribus
508 930 623 1008 angulis
648 930 782 988 deorsum
805 938 947 1007 spectant.
981 927 1024 987 Et
1047 929 1135 986 malae

145 1032 258 1094 quoque
275 1017 301 1072 in
318 1033 423 1074 summa
439 1023 519 1092 parte
537 1011 666 1089 singulas
682 1023 862 1072 transversas
878 1022 993 1072 suturas
1020 1011 1135 1070 habent

143 1099 342 1175 Amediisque
358 1097 489 1173 naribus,
514 1106 562 1156 aut
577 1098 758 1175 superiorum
781 1095 905 1155 dentium
926 1097 1064 1172 gingivis
1086 1103 1161 1174 perit

143 1180 263 1240 medium
279 1180 401 1257 palatum
416 1198 469 1240 una
487 1179 633 1258 procedit;
649 1179 761 1257 aliaque
773 1189 938 1240 transversa
962 1179 1043 1238 idem
1059 1179 1135 1255 pala·

145 1274 201 1323 tum
218 1272 306 1322 secat.
338 1261 374 1322 Et
387 1274 501 1323 suturae
524 1263 637 1342 quidem
657 1264 684 1320 in
708 1263 837 1341 plurimis
855 1262 909 1322 hae
926 1271 1003 1321 sunt.
1048 1261 1135 1320 Fora

143 1348 216 1406 mina
230 1348 400 1406 autemintra
411 1346 868 1425 eaputmauimaoculorumsuut;
885 1346 992 1405 deinde
1008 1348 1135 1410 narium:

117 1495 119 1499 ,
144 1432 315 1507 tumquaein
325 1430 439 1490 auribus
451 1429 599 1490 habemus.
614 1429 711 1489 Exilis
720 1429 953 1507 quaeoculorum
966 1438 1048 1504 sunt,
1057 1438 1135 1488 recta

120 1514 342 1593 ·simpliciaque
369 1513 404 1573 ad
431 1513 581 1574 cerebrum
605 1513 733 1573 tendunt.
764 1513 880 1574 Narium
893 1513 965 1573 'duo
992 1513 1158 1572 toraminas

144 1615 211 1658 osae
234 1597 328 1657 medio
351 1596 567 1658 discernuntur:
598 1596 738 1674 siquidem
759 1597 814 1656 hae
830 1598 949 1676 primum
969 1598 1133 1674 asuperci

143 1681 206 1756 liis,
228 1681 398 1758 angulisque
426 1682 576 1741 oculorum
597 1698 665 1740 osse
680 1681 851 1741 inchoantur
873 1680 909 1740 ad
930 1681 1052 1740 tertiam
1074 1680 1132 1738 lere

143 1773 267 1842 partem:
286 1763 389 1824 deinde
411 1763 439 1822 iu
452 1765 650 1841 cartilaginem
661 1783 778 1840 versae,
801 1780 858 1842 quo
877 1765 1000 1841 propius
1025 1764 1073 1822 ori
1087 1763 1132 1822 de·

143 1846 299 1922 scendunt,
323 1866 359 1908 eo
385 1850 477 1925 magis
499 1849 652 1908 caruncula
675 1865 790 1926 quoque
810 1848 985 1907 molliuntur.
1023 1846 1132 1906 Sedes

142 1931 298 2006 foramina,
315 1949 389 2009 quae
405 1950 420 1991 a
437 1932 553 1992 summis
568 1932 603 1992 ad
625 1932 695 1992 imas
714 1950 798 1991 nares
822 1931 963 2010 simplicia
986 1939 1073 2006 sunt,
1095 1930 1157 1988 iuis

142 2031 241 2072 rursus
264 2015 292 2073 ln
311 2013 378 2096 lpina
399 2015 500 2076 itinera
521 2015 699 2075 dividuntur:
724 2015 837 2092 aliaque
854 2033 892 2074 ex
912 2013 956 2073 his
972 2013 1014 2078 ad
1033 2016 1131 2074 lauces

142 2098 257 2172 pervia,
275 2099 403 2175 spirltum
419 2107 449 2158 et
465 2099 587 2160 reddunt
601 2107 630 2157 et
646 2100 805 2176 accipiunt:
832 2099 907 2173 alia,
923 2097 959 2156 ad
979 2097 1131 2158 cerebrum

142 2179 301 2257 tendentia,
330 2181 426 2241 ultima
449 2192 532 2260 parte
551 2181 690 2244 inmulta
713 2191 742 2240 et
771 2184 865 2241 tenuia
885 2182 1030 2241 foramina
1054 2182 1129 2240 dissi-

143 2273 258 2341 pantur,
272 2282 326 2342 per
341 2282 413 2341 quae
430 2281 532 2326 sensus
548 2265 647 2324 odoris
665 2264 749 2326 nohis
765 2265 855 2326 datur.
885 2264 916 2324 ln
929 2283 999 2324 aure
1012 2283 1129 2343 quoque

142 2349 233 2425 primo
248 2357 356 2408 rectum
375 2357 404 2407 et
417 2349 542 2426 simplex
560 2350 625 2427 lter,
644 2350 832 2426 procedendo
849 2349 1029 2426 flexuosum,
1051 2351 1153 2424 juxtas

142 2431 291 2489 cerebrum
310 2433 339 2490 in
358 2431 444 2491 multa
466 2441 496 2491 et
515 2434 610 2491 tenuia
635 2433 775 2493 foramina
806 2433 964 2504 diducitur,
992 2451 1048 2510 per
1062 2451 1130 2511 quae

141 2513 262 2574 lacultas
284 2514 415 2574 audiendi
439 2524 494 2576 est.
523 2516 723 2594 Juxtaque‘ea
743 2516 799 2576 duo
815 2515 927 2595 parvuli
949 2518 1037 2592 quasi
1056 2519 1130 2576 sinus

142 2605 221 2661 sunt;
240 2615 386 2674 superque
403 2615 455 2657 eos
467 2600 561 2660 finitur
577 2617 621 2674 os,
637 2599 714 2677 quod
726 2609 920 2660 transversum
934 2617 949 2659 a
965 2601 1057 2674 genis
1075 2609 1130 2658 ten·

142 2677 1130 2761 dens,abinferioribusossibussustiuetur.Jugaleappellarlpotest

142 2760 296 2822 abeodem
319 2763 519 2839 similitudine,
543 2784 558 2825 a
580 2783 635 2843 qua
655 2765 683 2825 id
701 2765 805 2826 Graeci
820 2758 953 2844 ζύγωμα
967 2767 1156 2845 appellantur

141 2845 257 2906 Maxilla
271 2864 342 2906 vero
359 2857 402 2907 est
415 2849 503 2908 molle
519 2866 564 2924 os,
576 2867 668 2926 caque
683 2867 736 2910 una
753 2858 815 2910 est:
834 2848 1025 2924 cujuseadem
1035 2860 1127 2910 etune

141 2931 203 3004 dia,
228 2938 257 2990 et
280 2934 333 2992 ima
357 2941 560 3010 paramentum
576 2942 634 2992 est:
659 2951 753 3011 aquo
778 2935 919 3011 utrimque
941 2933 1081 3012 procedit
1096 2932 1128 2992 ad

140 3024 283 3094 tempora:
301 3016 423 3094 solaque
443 3033 477 3076 ea
498 3025 638 3078 movetur.
672 3017 744 3078 Nam
766 3017 858 3076 malae
877 3035 941 3076 cum
963 3025 1027 3077 toto
1052 3034 1126 3086 osse,

142 3097 219 3172 quod
246 3101 413 3176 superiores
439 3099 541 3160 dentes
568 3102 674 3176 exiglt,
709 3099 871 3160 immobiles
897 3109 973 3160 sunt.
1019 3102 1125 3160 Verum

141 3180 230 3255 ipsius
245 3183 377 3242 maxillae
394 3193 491 3262 partes
508 3193 653 3244 extremae
668 3188 749 3263 quasi
771 3184 906 3244 bicornes
936 3193 1012 3244 sunt.
1044 3185 1153 3246 Altera

141 3278 314 3339 processus,
340 3266 412 3324 infra
435 3268 536 3340 latior,
562 3270 673 3327 vertice
697 3270 761 3347 ipso
778 3277 927 3344 tenuatur,
950 3268 1124 3346 longiusque

142 3345 304 3422 procedens
321 3346 372 3407 sub
388 3367 455 3410 osse
467 3352 559 3428 jugali
574 3350 658 3426 subit,
684 3361 712 3410 et
732 3370 820 3428 super
837 3353 865 3411 id
889 3363 1051 3428 temporum
1069 3371 1124 3410 run·

140 3429 229 3489 scolis
252 3429 386 3507 illigatur.
422 3433 505 3495 Alter
524 3436 641 3496 brevior
657 3444 686 3494 et
702 3435 868 3512 rotundior,
891 3445 920 3495 et
945 3437 973 3494 in
995 3453 1033 3495 eo
1050 3438 1122 3510 sinu,
1154 3453 1158 3462 ·
