2372 3892
163 147 226 212 240
454 155 857 208 nnecusrrrunwmsn

164 314 260 376 mollis
275 311 404 374 addenda
420 321 480 390 est,
497 327 572 389 quae
587 311 736 372 humorem
750 313 825 372 intus
840 313 1002 372 contiueat.
1034 310 1068 370 Et
1078 311 1132 370 laec

165 397 280 478 quidem
303 397 462 458 communia
484 404 559 455 sunt.
596 394 834 456 Medicamentum
856 413 929 456 voro
954 404 1002 454 est
1017 403 1133 470 aronae,

164 493 194 544 et
210 480 496 542 radicumarundiuis
509 495 631 555 succus,
648 488 677 539 et
692 481 804 562 oleum,
820 482 849 540 in
864 497 922 559 quo
936 478 1069 540 lumbrici
1079 481 1134 537 cocti

164 569 236 642 sint,
258 575 288 626 et
309 563 411 626 humor
432 581 470 623 ex
489 564 592 624 amaris
607 563 744 637 nucibus,
769 574 816 624 aut
832 583 869 624 ex
885 565 997 624 nucleo
1015 562 1077 621 mali
1090 580 1134 642 per·

165 652 219 711 rici
235 667 403 728 expressum
426 647 595 725 Composita
612 665 684 708 vero
702 647 738 707 ud
749 648 1006 716 inflammationem
1019 646 1134 706 dolores·

165 732 401 813 quelanieodum
418 733 492 793 lraec
506 732 570 792 lere
588 741 667 792 sunt:
691 735 832 809 castorei,
848 733 1013 811 papaveris
1028 730 1135 790 lacrimae

166 835 253 897 pares
276 818 426 896 portiones
446 824 649 890 conteruntur,
678 815 781 876 deinde
802 817 936 892 adjicitur
959 815 1008 875 luis
1031 831 1134 893 pastun:

165 902 214 962 rel
229 901 385 982 papaveris
399 900 552 972 lacrimae,
576 899 674 976 croci,
696 901 829 975 myrrhae
845 917 898 980 par
912 900 1022 960 modus
1038 900 1079 958 sic
1091 897 1136 956 teri

165 995 228 1060 tur,
246 993 276 1044 ut
293 985 414 1044 inuicem
430 984 515 1044 modo
532 1001 617 1058 rosa,
632 982 718 1044 modo
735 1001 851 1062 passum
865 984 1044 1044 instilletur:
1060 980 1101 1041 rel
1112 978 1135 1053 il

166 1068 242 1146 quod
260 1084 387 1127 amarum
400 1070 428 1126 iu
444 1067 580 1145 aegyptia
595 1065 662 1128 laba
675 1076 737 1144 est,
754 1068 926 1146 conteritur,
944 1084 1022 1127 rosa
1034 1064 1136 1141 adjecto

94 1209 97 1216 .
166 1150 269 1229 quibus
291 1151 424 1224 myrrhae
446 1168 561 1229 quoque
582 1147 697 1229 paulum
713 1169 729 1210 a
746 1151 913 1229 quibusdam
928 1151 1088 1210 miscetur:
1105 1145 1135 1205 rel

165 1234 322 1314 papaveris
338 1232 470 1310 lacrima,
487 1243 535 1295 aut
548 1243 670 1295 tuscum
681 1234 813 1294 muliebri
826 1235 918 1295 lacte:
936 1235 992 1294 vel
1003 1247 1136 1294 amararm

166 1335 268 1378 nucum
286 1334 349 1376 curu
372 1334 440 1378 rosa
458 1335 578 1378 succus:
598 1319 647 1379 vol
663 1321 805 1394 castorei,
825 1319 982 1394 myrrhae,
1009 1315 1136 1397 papaveris

166 1403 303 1462 lacrimae
323 1418 409 1482 parea
431 1403 582 1481 portiones
603 1421 666 1463 curn
687 1419 789 1482 passo:
813 1403 862 1462 rel
882 1405 970 1462 croci·
993 1419 1024 1481 p.
1038 1402 1089 1480 )-(.
1102 1399 1134 1460 Ξ.

166 1486 315 1561 myrrhae„
339 1486 469 1546 aluminis
491 1487 629 1561 scissilis,
654 1486 832 1563 singulorum
856 1505 884 1566 p.
909 1487 967 1565 )·(.
996 1505 1023 1544 c.
1047 1482 1135 1562 quillus,

166 1570 231 1630 dum
254 1578 400 1646 teruntur,
423 1569 559 1649 paulatim
582 1572 737 1630 miscentur
753 1572 832 1648 passi
851 1571 946 1646 cyathi
964 1580 1048 1645 tres,
1064 1564 1134 1626 mellis

166 1656 257 1712 minus
277 1653 396 1727 cyath03
421 1653 506 1731 idque
529 1672 567 1714 ex
591 1656 690 1732 primis
708 1653 923 1714 medicamentis
945 1663 1012 1713 est:
1041 1652 1086 1714 uel
1103 1663 1134 1726 pt

167 1737 283 1814 paveris
308 1735 426 1799 lacrima
452 1755 491 1797 ex
516 1747 610 1798 aceto.
660 1739 741 1799 Licet
765 1740 849 1798 etiam
875 1738 1089 1816 compositione
1106 1730 1135 1788 oti

167 1817 361 1890 Themisonis;
392 1838 466 1900 quae
488 1820 575 1880 habet
589 1823 749 1898 castorei,
777 1823 973 1902 opopanacis,
1005 1814 1133 1901 papaveris

166 1903 318 1979 lacrimae,
350 1905 527 1982 singulorum
553 1925 582 1984 p.
603 1906 658 1984 )·(.
681 1919 718 1966 11.
744 1923 863 1984 spumae
884 1905 950 1982 lycii
978 1925 1010 1986 p.
1036 1902 1132 1984 )-(.1l·

166 2005 241 2066 quae
272 1989 395 2049 contrita
418 2006 506 2067 passo
528 1989 730 2069 excipiuntur,
760 1991 855 2050 doceo
877 1991 967 2050 cerati
994 1981 1131 2048 crassitudi·

166 2089 230 2132 nenr
258 2068 401 2150 habeant,
430 2081 516 2151 atque
544 2075 583 2134 ita
605 2085 791 2151 reponuntur.
844 2073 899 2136 Ubi
926 2092 998 2133 usus
1028 2066 1132 2148 requiri,

165 2173 264 2216 rursus
279 2155 306 2215 id
321 2156 573 2234 medicamentum,
598 2157 714 2236 adjecto
729 2175 833 2236 passo,
851 2160 960 2217 teritur.
1001 2154 1073 2217 lllud
1087 2165 1130 2231 ptr·

167 2249 283 2319 petuam
313 2250 379 2317 est,
412 2242 651 2320 quotiescumque
679 2244 807 2304 crassius
834 2242 1070 2302 medicamentum
1094 2240 1130 2303 tir

166 2341 250 2402 quam
273 2333 302 2382 ut
324 2325 353 2383 in
375 2341 473 2385 aurern
496 2325 627 2386 instillari
650 2328 760 2405 possit,
789 2325 978 2400 adjiciendum
1003 2339 1066 2385 eum
1083 2331 1129 2378 esst

165 2407 335 2547 lgnmnmm,
365 2427 403 2467 eu
429 2426 486 2486 quo
511 2409 539 2468 id
565 2412 701 2490 componi
727 2410 836 2487 debet,
863 2410 956 2469 donee
980 2409 1053 2468 satis
1071 2400 1130 2479 liqui·

187 2507 232 2548 nm
248 2489 294 2549 sit.

226 2571 256 2629 2.
282 2574 313 2631 Si
332 2591 404 2634 vero
425 2594 480 2653 pus
503 2593 619 2655 quoque
643 2595 728 2638 aures
745 2577 865 2655 habent,
887 2586 969 2637 recte
983 2575 1129 2651 tyctunptr

167 2673 199 2714 se
221 2653 391 2732 infunditur,
416 2668 463 2717 aut
482 2659 583 2720 irinum
599 2670 788 2738 unguentum
814 2671 862 2721 aut
875 2663 955 2740 porri
971 2663 1130 2720 succurrunt

166 2737 266 2808 melle;
289 2748 337 2800 aut
361 2742 500 2801 centaurii
520 2761 625 2804 succus
644 2763 707 2804 curn
723 2762 826 2822 passo;
848 2754 897 2805 aut
912 2744 1004 2804 dulcis
1020 2740 1080 2802 rnali
1092 2743 1148 2813 pul

166 2825 220 2884 nici
245 2839 351 2884 succus
371 2823 399 2883 in
420 2827 511 2904 ipsius
535 2831 646 2888 cortice
672 2829 852 2908 tepefactus,
886 2829 999 2904 adjecta
1022 2819 1129 2912 muniet

166 2909 271 2986 exigua
283 2917 384 2993 parte,
393 2907 486 2968 llecte
497 2899 581 2972 etiam
593 2912 749 2972 miscentur
759 2913 903 2988 myrrhae,
918 2929 1001 2991 quam
1011 2915 1129 2978 scamni

167 2993 380 3069 cognominant,
399 3013 426 3073 p.
439 2994 495 3073 )·(.
507 3007 529 3054 t.
549 2997 629 3054 croci
645 2996 828 3071 tantumdem,
844 3014 934 3055 nuces
946 3011 1059 3054 amarae
1068 2995 1126 3050 xxi·

165 3075 260 3134 mellis
278 3078 513 3155 sesquicyathus:
538 3095 611 3156 quae
628 3083 767 3156 contrita,
790 3097 875 3158 quum
890 3079 1024 3140 utendum
1041 3084 1093 3145 est,
1109 3067 1127 3124 li

166 3159 277 3216 cortice
292 3160 358 3218 mali
373 3164 468 3238 punici
484 3162 632 3240 tepefiunt.
654 3163 697 3223 Ea
710 3181 829 3242 quoque
839 3163 1058 3236 medicamenta,
1072 3161 1145 3234 quaet

166 3240 226 3298 oris
251 3242 411 3302 exulcerati
433 3263 519 3306 causa
544 3257 773 3326 componuntur,
803 3265 896 3326 acque
921 3239 1127 3306 ultenatum

166 3331 275 3400 sanant.
313 3323 394 3399 Quae
416 3329 440 3386 si
455 3330 613 3390 uetustiora
628 3340 709 3409 sunt,
732 3340 761 3391 et
775 3332 862 3392 molta
879 3333 974 3392 sanies
990 3331 1060 3401 duit,
1079 3327 1124 3399 ati

167 3409 338 3487 compositio
367 3418 427 3486 est,
457 3429 530 3490 quae
549 3415 585 3474 ad
610 3423 757 3476 auctorem
783 3415 987 3476 Erasistratum
1013 3412 1124 3474 retem:
