2392 3906
122 189 181 252 134
411 195 444 242 ι.
464 193 493 242 c.
510 190 609 241 euasi
624 189 819 240 usnrcmss

122 353 317 424 exulceratis,
352 346 490 424 frequens
516 349 602 406 tussis
629 347 797 422 sanguinem
822 361 940 423 quoqne
968 346 1125 406 extundit:

121 437 259 499 interdum
281 434 365 493 etiam
388 431 450 490 lieri
469 430 560 506 solet,
580 439 611 489 ut
632 438 679 488 aut
699 445 736 488 ex
752 428 903 508 pulmone,
928 437 977 488 aut
994 445 1033 488 ex
1048 447 1125 506 pec·

121 533 202 600 tere,
218 529 264 580 aut
282 515 441 589 exlatere,
464 523 511 573 aut
527 531 564 572 ex
575 514 709 589 jecinore
724 512 847 572 leretur:
871 527 962 591 saepe
979 512 1126 588 feminae,

123 605 223 684 quibus
240 601 357 678 sanguis
373 616 426 676 per
441 606 585 656 menstrua
604 613 661 655 non
675 595 849 678 respondet,
869 596 945 655 hune
959 605 1126 674 exspuunt.

123 693 326 762 Auctoresque
347 681 450 741 medici
465 690 544 755 sunt,
569 679 617 739 vel
633 697 722 738 exesa
738 688 819 759 parte
837 679 933 757 aliqua
947 681 1148 755 sanguineus

123 777 219 846 exire,
243 768 290 829 vel
310 775 410 846 nupta,
435 765 481 824 vel
497 781 549 823 ore
564 764 684 824 alieuius
699 779 791 822 venae
806 764 961 841 patefacto,
995 763 1128 822 Primam

123 849 322 934 διάβρωσιν,
341 848 495 908 secundam
510 843 621 925 ῥῆξιν,
638 848 750 906 tertiam
765 836 998 926 ἀναστόμωσιν
1012 846 1127 924 appel-

123 942 190 1000 lant.
230 935 333 996 Ultima
354 933 467 992 minime
487 941 589 1000 nocem
622 931 912 1008 primagrarissime.
956 931 1002 989 Ae
1026 949 1128 1008 saepe

123 1023 236 1101 quidem
262 1018 375 1092 evenit,
398 1024 428 1074 ut
448 1017 615 1090 sauguinem
637 1031 692 1092 pus
713 1023 851 1092 sequatur
872 1013 927 1092 (ei.
949 1011 1030 1092 Aple.
1057 1013 1127 1088 vti,

125 1110 163 1166 15
183 1113 211 1163 et
228 1101 295 1178 82).
329 1097 473 1158 Interdum
489 1107 598 1174 autem,
617 1097 671 1175 'qui
686 1100 854 1174 sanguinem
868 1099 961 1176 ipsum
978 1115 1127 1175 snppres·
1139 1115 1160 1154 ιι

124 1191 175 1260 sit,
194 1187 262 1246 satis
278 1182 313 1242 nd
327 1181 520 1242 valetudinem
534 1182 651 1260 profuit.
675 1181 733 1242 Sed
750 1183 774 1239 si
790 1191 910 1260 sequuta
925 1181 1024 1241 ulcera
1044 1189 1127 1254 suut,

20 1309 26 1324 .
124 1272 149 1330 si
166 1287 236 1348 pus,
259 1267 284 1326 si
299 1266 386 1324 tussis
404 1275 466 1340 est,
490 1276 575 1344 prout
591 1266 677 1325 sedes
690 1266 752 1342 ipsa
769 1273 830 1340 est,
846 1266 975 1325 itavaria
992 1273 1022 1323 et
1044 1267 1125 1342 peri·

125 1353 224 1412 culosa
240 1367 349 1426 genera
364 1348 529 1408 morborum
543 1358 616 1408 sunt.
652 1348 684 1408 Si
702 1365 774 1407 vero
789 1349 906 1425 sanguis
923 1357 1029 1408 tantum
1048 1349 1127 1420 iluit,

125 1435 287 1514 expeditius
304 1441 333 1492 et
347 1432 503 1492 remedium
519 1441 547 1491 et
562 1433 626 1491 linis
640 1441 694 1492 est.
725 1431 827 1509 Neque
846 1431 972 1508 ignor'a'ri
988 1439 1127 1509 oportet,

125 1521 159 1579 iis
178 1518 281 1598 quibus
302 1517 392 1576 lluere
409 1517 527 1593 sanguis
550 1516 639 1591 solet,
663 1525 711 1574 aut
726 1515 829 1593 quibus
845 1515 925 1575 dolet
939 1516 1040 1592 spina,
1073 1532 1126 1574 ce
1138 1530 1158 1569 rs

124 1621 234 1677 xaeve,
263 1609 311 1660 aut
336 1609 403 1677 post
428 1616 542 1679 cursum
567 1599 782 1674 vehementem,
813 1599 860 1658 vel
887 1599 1126 1674 ambulationem,

125 1688 190 1746 dum
210 1683 300 1744 febris
322 1682 413 1758 absit,
434 1699 491 1741 nou
513 1701 580 1742 esse
598 1683 697 1743 inutile
718 1683 864 1758 sanguinis
884 1683 1031 1742 mediocre
1051 1697 1127 1760 pro·

125 1769 255 1828 lluvium:
282 1766 370 1843 idque
393 1782 446 1843 per
468 1767 576 1825 urinam
597 1767 737 1826 redditum
757 1766 847 1844 ipsam
868 1775 983 1844 qnoque
1006 1765 1125 1825 lassitu-

125 1853 218 1910 dinem
240 1849 372 1908 solvere:
400 1867 434 1907 ne
454 1865 490 1906 ne
512 1850 540 1906 in
561 1865 597 1907 eo
620 1850 733 1925 quidem
754 1849 883 1909 terribile
903 1867 985 1925 esse,
1008 1851 1060 1926 qui
1088 1867 1126 1908 ex

124 1936 277 2012 superiore
300 1931 366 1990 loeo
390 1931 513 2006 decidit,
535 1933 559 1989 si
576 1940 670 1991 tannen
683 1936 712 1992 in
729 1935 792 2008 ejus
810 1935 888 1992 urina
903 1933 971 1992 nihil
985 1934 1123 1992 novavit:
1134 1953 1157 1992 ιι

124 2035 219 2094 neque
239 2017 373 2074 vomitum
388 2013 471 2090 hujus
487 2015 592 2074 afferre
608 2016 783 2092 periculum,
801 2017 885 2076 etiam
901 2033 985 2094 qnum
999 2018 1123 2094 repetit,

126 2103 151 2159 si
169 2109 239 2159 ante
263 2098 433 2158 confirmare
455 2107 484 2157 et
506 2099 626 2176 implere
645 2117 752 2178 eorpus
768 2100 861 2158 lieuit:
884 2109 913 2159 et
929 2118 966 2158 ex
980 2108 1043 2158 tote
1059 2100 1123 2166 nul·

125 2185 182 2244 lum
199 2201 306 2252 nocere
323 2183 369 2258 qui
385 2183 413 2240 in
432 2199 559 2260 corpore
572 2181 710 2259 robusto,
727 2199 821 2259 neque
834 2183 934 2242 nimius
947 2192 1007 2256 est,
1024 2201 1123 2261 neque

125 2269 224 2327 tussim
247 2275 295 2325 aut
317 2265 444 2324 calorem
465 2275 571 2326 movet.
602 2265 695 2332 ,Haeo
716 2268 861 2343 pertinent
881 2266 916 2325 ad
937 2267 1121 2324 universum:

123 2370 198 2410 nune
218 2349 254 2409 ad
276 2367 310 2408 ea
332 2349 414 2426 locu,
442 2367 515 2426 quae
537 2349 691 2426 proposui,
718 2349 840 2407 veniam.
878 2350 908 2408 Si
929 2367 966 2409 ex
991 2351 1154 2426 gingivises

125 2437 200 2506 exit,
216 2432 395 2510 portulacam
407 2432 595 2492 manducasse
610 2433 677 2491 satis
692 2440 751 2497 est;
769 2432 792 2489 si
805 2450 843 2491 ex
856 2451 926 2508 ore,
944 2435 1121 2492 continuisse

125 2533 162 2574 eo
187 2531 294 2573 merum
316 2517 426 2574 vinum:
455 2519 479 2574 si
500 2534 598 2594 parum
619 2517 647 2576 id
670 2516 799 2594 prolicit,
825 2527 947 2576 acetum,
992 2517 1023 2575 Sl
1045 2511 1123 2575 inter

71 2597 74 2602 '
124 2593 198 2656 haec
223 2612 338 2674 quoque
363 2599 491 2674 graviter
518 2601 653 2677 erumpit,
687 2601 755 2678 ‘quia
780 2617 950 2660 consumere
975 2601 1120 2660 huminem

124 2689 238 2758 potest,
256 2681 512 2740 commodissimum
528 2692 587 2756 est,
606 2685 741 2761 impetum
756 2685 834 2759 ejus,
849 2683 964 2743 admota
981 2685 1119 2762 occipitio

124 2763 319 2838 cucurbitula,
342 2765 384 2822 sic
405 2773 434 2822 ut
455 2767 526 2822 eutis
550 2783 665 2844 quoque
686 2766 842 2842 incidatur,
868 2769 1018 2827 avertere:
1044 2768 1069 2825 si
1093 2767 1150 2826 idm

124 2848 252 2924 mulieri,
276 2849 320 2907 eui
335 2857 479 2907 menstrua
494 2865 550 2907 non
566 2849 712 2926 feruntur,
739 2852 850 2924 evenit,
873 2851 1001 2909 eamdem
1018 2867 1120 2910 cucur·

123 2933 240 2992 hitulam
255 2932 352 2992 incisis
367 2931 529 3008 inguinibus
546 2934 609 3007 ejus
627 2934 792 2994 admovere.
828 2935 906 2993 atsi
922 2951 959 2992 ex
975 2933 1120 3006 faucibus,

124 3016 347 3076 interioribusve
370 3015 498 3094 partibus
519 3019 681 3094 processit,
715 3028 743 3078 et
767 3027 860 3076 metus
880 3019 973 3092 major
999 3026 1060 3092 est,
1093 3027 1121 3075 et

126 3115 193 3156 eura
214 3100 306 3171 major
326 3099 495 3160 adhibenda.
532 3101 655 3175 Sanguis
676 3100 829 3159 mittendus
853 3110 914 3168 est;
939 3109 968 3159 et
989 3101 1014 3160 si
1029 3101 1119 3159 nihilo

124 3181 216 3238 minus
237 3195 274 3237 ex
297 3197 348 3238 ore
371 3184 533 3258 processit,
557 3185 657 3240 iterum
674 3185 835 3260 tertioque,
861 3193 889 3243 et
906 3185 1037 3262 quotidie
1051 3201 1150 3262 pau-as

125 3262 181 3323 lum
200 3261 324 3338 aliquid:
346 3267 476 3338 protinus
497 3274 590 3324 autem
609 3265 697 3325 debet
720 3267 840 3326 sorbere
856 3267 903 3326 vel
919 3277 1050 3342 acetum,
1071 3268 1119 3326 vel
1179 3311 1181 3314 -

126 3362 188 3404 eum
210 3354 272 3402 ture
286 3344 470 3422 plantaginis
493 3357 539 3408 eut
561 3351 791 3425 porri'succum;
815 3351 1047 3429 imponendaque
1068 3367 1117 3408 ex·

124 3430 267 3488 trinsecus
283 3445 371 3506 supra
385 3429 413 3489 id
429 3432 506 3507 quod
521 3432 619 3507 dolet,
644 3433 707 3493 lana
724 3433 841 3494 succida
856 3452 895 3494 ex
909 3443 1000 3502 aceto,
1010 3443 1070 3511 est,
1090 3443 1118 3491 et
