2384 3896
377 212 447 261 nun.
463 213 495 261 v.
516 211 592 261 cna.
609 214 706 264 xvrn.
985 209 1042 270 167

52 371 144 432 brem.
194 369 317 449 Reliqua
344 369 408 430 iere
436 367 627 430 calefaciunt:
667 371 719 431 sed
745 373 884 450 quaedam
910 375 1044 453 digerunt

51 457 215 532 materiam,
245 454 385 533 quaedam
409 452 577 531 extrahunt,
601 472 675 532 quae
697 451 915 520 ἐπισπαστικά
937 477 1041 521 vocan-

52 551 118 685 ἓξὲξ
137 541 279 684 plquaque
301 539 388 599 certis
409 539 502 614 magis
526 539 654 617 partibus
673 539 865 643 membrorum
880 561 1041 610 accommo÷

29 741 40 779 a
116 725 145 786 2.
179 723 209 783 Si
231 721 350 782 materia
370 720 544 782 extrahenda
567 731 626 798 est,
650 732 679 782 nt
702 724 729 784 in
751 725 850 786 lateris
871 727 988 804 dolore,
1014 732 1040 788 in

51 810 209 887 incipiente
223 806 375 881 abscessu,
393 807 420 864 iu
438 808 643 885 suppuratione
656 824 771 886 quoqne
783 809 930 888 mediocri,
946 822 1040 891 aptum

52 901 97 954 est
111 893 140 952 id
156 891 233 971 qood
247 889 334 950 habet
348 891 463 949 resinae
481 889 592 967 aridae,
615 892 697 968 nitri,
715 896 898 972 ammoniaci,
915 897 1041 972 galbani,
1116 897 1133 942 ’-

52 977 231 1054 singulorum
256 973 368 1053 pondo,
398 991 484 1034 cerae
505 974 612 1052 pondo.
657 975 715 1034 Aut
735 977 763 1038 in
784 996 841 1056 quo
863 979 936 1039 haec
961 989 1039 1040 sunt:

52 1062 199 1137 aeruginis
214 1075 308 1134 rasae,
324 1057 407 1134 turis,
425 1058 603 1135 singulorum
619 1076 647 1137 p.
663 1061 718 1139 )·(.
737 1074 772 1120 11.
789 1064 955 1122 ammoniaci
972 1064 1041 1124 salis

21 1164 80 1224 rep.
95 1146 153 1224 )·(.
170 1158 214 1204 vr.
238 1157 374 1220 squamae
397 1143 490 1219 aeris,
512 1159 612 1220 cerae,
637 1144 815 1221 singulorum
839 1163 867 1224 p.
889 1146 944 1223 )·(.
969 1161 1039 1207 vtlt.

51 1230 167 1290 resinae
183 1228 279 1288 aridae
298 1243 326 1305 p.
342 1227 397 1305 )·(.
412 1238 474 1286 x11.
494 1229 570 1286 aceti
585 1227 704 1300 cyathus
719 1227 879 1306 (Galenus,
896 1228 944 1290 De
960 1249 1040 1292 com·

48 1313 142 1391 posit.
160 1311 322 1373 Medicam.
337 1309 503 1370 recondam
516 1311 632 1389 ponere
647 1311 703 1387 VI,
722 1311 785 1389 14).
820 1313 898 1374 ldero
915 1325 1041 1394 praestat

53 1399 153 1457 cumini
169 1397 259 1457 iarina
276 1413 338 1456 curn
357 1394 494 1470 struthio,
513 1404 542 1454 et
556 1395 652 1454 melle.

111 1495 141 1556 3.
179 1495 209 1554 Si
227 1494 312 1569 jecur
334 1491 430 1570 dolet,
460 1492 486 1550 id
506 1493 534 1550 in
556 1511 613 1571 quo
635 1502 679 1553 est
702 1493 823 1554 balsami
849 1495 985 1556 lacrimae
1010 1515 1039 1573 p.

23 1581 104 1660 ¹⁵)·(·
122 1593 185 1639 x11.
202 1578 290 1654 costi,
311 1579 499 1650 cinnamomi,
516 1578 612 1638 casiae
630 1579 764 1654 corticis,
783 1579 930 1655 myrrhae,
950 1582 1040 1654 croci,

48 1667 127 1740 junci
146 1661 277 1738 rotundi,
299 1660 418 1720 balsami
433 1660 568 1736 seminis,
590 1661 668 1720 iridis
684 1662 831 1741 illyricae,
857 1663 1040 1738 cardamomi,

52 1749 170 1824 amomi,
192 1745 285 1821 nardi,
308 1744 485 1821 singulorum
506 1761 535 1824 p.
553 1745 606 1823 )·(.
623 1757 691 1804 xvt.
712 1745 813 1824 quibus
829 1747 962 1822 adjicitur
977 1763 1040 1807 nar-

53 1833 143 1893 dinum
168 1833 360 1908 unguentum,
384 1828 478 1888 donec
503 1829 592 1888 cerati
617 1830 777 1890 crassitudo
805 1832 850 1892 sit.
894 1830 932 1891 Et
958 1830 1041 1906 hujus

54 1917 166 1995 quidem
187 1915 313 1974 recentis
334 1929 402 1972 usus
425 1921 484 1972 est:
509 1914 532 1972 si
555 1930 626 1972 vero
650 1914 820 1974 servandum
844 1924 904 1990 est,
927 1917 1041 1974 resinae
1062 1977 1064 1980 ,

22 1999 262 2061 aterebmminae
277 2016 306 2076 p.
323 1997 381 2075 )·(.
397 2010 467 2056 xvi.
493 2014 580 2056 cerae
596 2015 625 2076 p.
644 1999 699 2076 )·(.
715 2013 749 2058 x.
766 2017 803 2058 er
820 2001 886 2059 vino
901 1999 959 2059 leni
972 2017 1040 2060 con·

53 2085 219 2160 tunduntur,
233 2091 291 2141 tum
307 2098 343 2142 eo
357 2083 522 2140 miscentur.

111 2183 141 2242 4.
172 2179 211 2250 At
231 2179 255 2238 si
276 2178 359 2237 lienis
373 2186 504 2256 torquet,
530 2175 658 2255 glandis,
682 2193 763 2255 quarn
778 2171 930 2256 pisitanae
943 2198 1039 2258 pope·

52 2255 153 2345 daturin}
170 2263 274 2324 Graeci
294 2271 415 2338 vocant,
438 2269 539 2321 cortex
557 2270 586 2321 et
606 2262 708 2320 nitrum
727 2261 842 2340 paribus
859 2263 1040 2340 portionibus

55 2347 278 2423 contunduntur,
308 2355 575 2424 respergunturque
600 2353 684 2404 aceto
706 2363 789 2423 quarn
808 2347 963 2406 acerrimo:
992 2345 1040 2404 ubi

24 2451 46 2490 a
57 2434 142 2492 cerati
160 2430 376 2491 crassitudinem
390 2428 493 2504 habet,
505 2425 599 2489 linteo
615 2437 681 2488 ante
695 2429 723 2487 in
739 2446 812 2507 aqua
830 2429 934 2506 irigida
945 2429 1039 2490 made·

54 2515 127 2577 iacto
149 2514 285 2590 illinitur,
310 2522 339 2573 et
360 2515 403 2573 sic
417 2515 586 2591 imponitur:
609 2528 752 2590 supraque
768 2514 859 2574 farina
874 2514 1039 2573 hordeacea

56 2601 192 2676 injicitur:
216 2597 268 2658 scd
288 2615 404 2657 manere
423 2596 463 2657 ibi
485 2614 543 2656 non
566 2597 687 2674 amplius
707 2615 759 2657 sex
781 2596 861 2658 horis
877 2597 981 2674 debet,
1002 2616 1039 2658 ne

53 2682 153 2743 lienem
171 2691 333 2749 consumat;
355 2682 502 2759 satiusque
518 2689 563 2740 cst
580 2681 608 2740 id
623 2680 683 2757 bis,
699 2690 746 2741 aut
760 2690 805 2741 ter
820 2682 892 2742 lieri.

113 2783 143 2842 5.
167 2777 324 2841 Commune
341 2785 434 2838 autem
446 2778 586 2855 iocineri,
607 2787 636 2837 et
653 2777 739 2856 lieni,
763 2778 862 2852 Lysias
878 2779 1040 2855 composuit

26 2865 163 2925 methis:
187 2863 381 2943 opopanacis,
403 2862 536 2937 styracis,
552 2861 685 2938 galbani,
708 2863 838 2937 resinae,
863 2862 1040 2937 singulorum

56 2965 82 3026 p.
103 2950 159 3026 )·(.
183 2962 220 3008 11.
244 2947 428 3020 ammoniaci,
458 2944 573 3022 bdellii,
599 2963 699 3022 cerae,
727 2947 791 3004 sevi
816 2945 934 3017 taurini,
960 2942 1039 3002 iridis

56 3032 148 3092 aridae
169 3051 198 3112 p.
219 3032 275 3110 )·(.
295 3044 341 3091 tv.
364 3028 505 3103 cachryos
526 3028 695 3105 acetabulo,
717 3027 828 3106 piperis
847 3028 945 3103 granis
971 3043 1038 3104 qoa-

57 3114 197 3192 draginta:
218 3133 292 3194 quae
307 3115 429 3174 contrita
445 3113 518 3172 irino
534 3119 678 3190 unguento
694 3119 899 3188 temperantur.

116 3213 145 3274 t.
178 3213 224 3273 Ad
246 3214 365 3274 laterum
389 3219 491 3290 autern
509 3209 627 3269 dolores
651 3210 824 3288 compositio
850 3218 895 3268 est
917 3209 1037 3288 Apollo·

28 3295 170 3373 tiphonis:
203 3299 231 3355 in
256 3313 312 3374 qua
335 3303 399 3354 sunt
420 3296 534 3352 resinae
555 3292 781 3366 terebinthinae,
809 3297 879 3353 toris
900 3293 1037 3370 fuliginis,

57 3380 230 3456 singulorum
247 3397 275 3458 p.
291 3380 347 3459 )·(.
361 3390 408 3438 tv.
425 3376 539 3452 bdellii,
564 3377 746 3452 ammoniaci,
770 3375 864 3451 iridis,
888 3379 949 3436 sevi
966 3378 1037 3433 vitu·

58 3461 117 3542 lini,
134 3461 469 3542 autcapriniarenibus,
490 3461 571 3537 visci,
587 3459 763 3536 singulorum
777 3479 805 3540 p.
820 3462 874 3538 )·(.
891 3473 937 3520 tv.
960 3457 1037 3532 ilaec
