2384 3896
144 184 205 244 aot
418 192 822 244 a.ecnusrrannrcms1a

144 348 305 410 lubritatem
320 345 445 424 babent,
459 345 642 426 quodminus
656 345 804 406 terribiles
823 361 933 422 aspum
948 347 1048 407 edunt.
1079 347 1133 408 Ad·

143 449 246 492 versus
267 447 340 508 quos
362 433 433 490 satis
458 431 572 508 proiicit
595 430 686 490 barba
705 431 868 504 vettonica,
887 429 933 488 rel
950 430 1135 506 canmbrica,

143 515 191 576 vel
210 516 396 590 centaurion,
419 511 468 574 vel
488 515 673 590 argemonia,
689 513 737 572 vel
752 515 882 590 trixago,
898 512 946 572 vel
966 524 1136 592 personata,

143 597 192 658 vel
206 598 315 656 marina
338 598 506 676 pastinaca,
525 597 660 673 singulae
682 595 803 656 binaeve
823 598 923 672 tritae,
941 607 970 656 et
993 616 1060 658 cum
1076 599 1137 658 rino

143 681 223 760 potui
242 679 343 756 datae,
367 689 397 740 et
418 679 627 758 supervolans
646 681 809 758 impositae.
838 679 913 740 lllud
936 681 1071 758 ignorari
1086 699 1154 740 noas

142 772 275 843 oportet,
294 765 386 824 omnis
402 763 549 842 serpentis
568 763 653 824 ictum
668 763 801 840 etjejunj
819 773 848 824 et
858 765 961 838 jeJ'uno
979 767 1137 840 magisne

143 865 227 908 cere:
253 845 382 924 ideoque
400 847 638 925 perniciosissimi
660 855 725 906 sunt
745 865 831 926 quum
849 847 1002 917 incubant;
1026 847 1137 908 utilissi-

142 949 274 1010 mumque
292 940 355 1003 est,
372 930 420 990 ubi
434 949 473 990 ex
490 929 631 1006 anguibus
645 940 737 991 metas
753 938 815 1007 est,
830 947 888 990 non
901 939 969 990 ante
987 930 1137 1009 progredi,

142 1033 228 1094 quarn
243 1016 307 1092 quis
324 1013 433 1091 aliquid
447 1014 591 1082 assumsit.

208 1099 255 1160 11.
277 1096 341 1154 Nou
356 1105 414 1156 tam
436 1096 525 1156 facile
541 1097 575 1155 iis
592 1096 728 1175 opitulari
745 1103 808 1172 est,
825 1097 873 1174 qni
887 1112 1035 1158 venenum
1051 1097 1101 1156 rel
1114 1100 1161 1156 inb

142 1181 227 1254 cibo,
242 1179 289 1243 rel
310 1179 338 1238 in
356 1182 476 1257 potione
492 1190 668 1241 sumserunt:
690 1181 825 1258 primurn,
850 1181 990 1256 quianon
1010 1182 1139 1257 protinus

141 1265 282 1340 sentiunt,
305 1271 335 1321 bt
349 1264 386 1324 ab
405 1281 500 1340 angae
518 1264 585 1334 icti;
610 1265 648 1324 ita
663 1282 700 1322 ne
716 1279 888 1322 succurrere
912 1261 1030 1340 quidem
1048 1265 1138 1324 statim

141 1347 196 1406 sibi
214 1354 351 1426 posenni:
374 1345 480 1406 deinde
494 1349 561 1424 quia
574 1365 650 1406 noxa
668 1363 726 1406 non
740 1364 756 1405 a
772 1354 855 1420 cute,
871 1345 925 1406 sed
942 1345 978 1405 ab
996 1346 1137 1408 interiori

141 1429 195 1490 bus
207 1428 340 1508 partibus
355 1431 465 1508 incipit.
494 1429 760 1492 Commodissimum
773 1439 818 1489 est
831 1437 942 1504 tamen,
957 1428 1007 1488 ubi
1021 1431 1138 1507 primunr

140 1515 232 1574 sensit
255 1512 376 1592 aliquis,
397 1514 530 1591 protinus
551 1513 619 1574 oleo
642 1513 731 1572 multo
753 1521 843 1590 epoto
863 1512 1161 1586 vomere:der'nde,u

140 1596 187 1658 ubi
207 1595 382 1676 praecordia
394 1595 546 1675 exhausit,
561 1595 662 1656 bibere
677 1595 848 1662 antidotum
864 1595 888 1654 si
902 1595 929 1655 id
940 1611 1000 1655 non
1014 1606 1079 1671 est,
1095 1595 1136 1656 rel

139 1697 247 1740 merum
268 1698 374 1738 vinnm.
627 1703 630 1709 ·

203 1762 251 1822 12.
277 1763 348 1821 Sunt
364 1772 458 1822 tamen
475 1761 614 1842 quaedam
624 1761 751 1822 remedia
765 1761 882 1842 propria
896 1761 1039 1822 adversus
1054 1781 1136 1842 qrrae

119 1843 202 1906 ‹dam
219 1861 347 1921 venena,
364 1847 546 1924 maximeque
565 1846 686 1906 leviora.
712 1843 783 1906 Nam
800 1847 824 1904 si
837 1845 1020 1906 cantharidas
1035 1847 1136 1924 aliquis

139 1926 244 2005 ebibit,
272 1946 399 2006 panaces
422 1947 485 1989 cnm
508 1929 585 1990 laete
605 1937 738 2005 contusa,
761 1927 808 1988 rel
829 1928 981 2006 galbanum
1007 1931 1077 1989 vino
1093 1931 1160 1990 aden

135 2011 219 2088 Jecto
235 2009 313 2088 dari,
330 2012 379 2071 rel
394 2011 440 2072 lac
457 2030 511 2090 per
526 2030 559 2070 se
576 2011 674 2072 debet.
704 2013 735 2071 Si
755 2013 894 2088 cicutam,
918 2013 1014 2072 vinum
1030 2031 1135 2072 meram

139 2093 262 2155 calidum
280 2111 342 2155 cum
366 2104 429 2155 ruta
456 2096 691 2174 quamplurimum
706 2095 967 2173 ingerendum'esm
990 2095 1100 2156 deinde
1115 2097 1135 2154 is

138 2195 257 2240 vomere
275 2178 442 2257 cogendusr
460 2186 622 2257 posteaque
638 2177 716 2240 laser
727 2177 987 2240 exvinodandum:
1004 2182 1102 2257 isque,
1115 2181 1135 2238 si

138 2261 221 2322 lebre
236 2272 339 2337 vacat,
354 2264 382 2322 in
398 2261 520 2322 calidum
535 2262 668 2322 balneum
682 2263 847 2332 mittendam
864 2267 889 2322 si
901 2279 958 2322 non
969 2271 1072 2340 vacat,
1090 2283 1133 2322 nu·

138 2345 250 2422 gendes
267 2363 304 2405 ex
321 2345 562 2406 calefacientibus
579 2355 637 2406 est:
656 2355 723 2424 post
738 2363 811 2424 quae
827 2349 909 2426 quies
925 2348 952 2406 er'
968 2349 1158 2408 necessarias

138 2438 193 2488 est.
232 2427 262 2487 Si
286 2429 511 2504 hyoscyamum,
533 2429 653 2488 fervens
673 2429 794 2489 mulsum
809 2427 971 2490 bibendum
997 2439 1062 2507 est,
1092 2439 1135 2490 snt

139 2509 288 2588 quodlibet
308 2511 371 2588 lae,
396 2513 518 2572 maxime
540 2520 635 2574 tamen
653 2516 804 2574 ,asininum
843 2513 874 2574 Sl
901 2529 1069 2587 cerussam,
1089 2516 1134 2588 J'ua

137 2593 265 2668 malvae,
288 2594 335 2652 vel
354 2593 512 2669 juglandes
536 2613 573 2655 err
595 2597 663 2656 vino
686 2598 842 2672 contritae,
858 2597 981 2656 maxime
1007 2606 1133 2674 prosunt.

138 2675 169 2735 Si
191 2677 366 2752 sanguisuga
385 2685 473 2754 epota
493 2688 554 2755 est,
571 2688 684 2740 acetum
696 2694 758 2740 cum
770 2680 834 2740 sale
851 2679 1006 2740 bibendum
1025 2689 1080 2740 est.
1106 2679 1133 2740 Si

138 2757 275 2820 iacintus
291 2760 377 2835 coiit,
393 2768 440 2820 aut
456 2777 587 2838 passum,
603 2772 652 2822 aut
668 2763 836 2839 coagulum,
851 2772 899 2823 aut
914 2781 978 2824 curn
993 2773 1079 2824 aceto
1096 2765 1159 2823 la-rs

137 2861 195 2904 ser.
227 2842 258 2902 Si
275 2841 520 2919 sungoaiuutiles,
532 2847 597 2923 quis
615 2848 765 2921 assumsit,
783 2846 910 2908 radicula
928 2856 977 2907 aut
992 2859 1010 2906 e'
1027 2865 1132 2926 posca,

137 2937 184 2987 aut
200 2945 262 2986 earn
280 2927 342 2986 sale
356 2935 386 2986 et
403 2937 488 2988 aceto
505 2927 616 2988 edenda
633 2938 687 2989 est.
713 2927 772 3007 Ipsi
788 2947 859 2989 vero
874 2930 901 2990 hi
916 2938 945 2988 et
957 2931 1132 3009 speciequi·

138 3009 202 3070 dem
219 3010 344 3070 discerni
365 3021 487 3088 possunt
503 3011 538 3070 ab
556 3011 690 3089 utilibus,
706 3020 735 3073 et
752 3023 891 3072 cocturae
908 3026 1021 3089 genere
1040 3015 1132 3074 idonei

138 3093 210 3150 beri.
240 3091 310 3152 Nam
327 3095 389 3153 sive
405 3113 443 3154 ex
459 3095 527 3154 oleo
543 3095 759 3172 deferbuerunt,
775 3097 910 3175 sivepiri
922 3097 1057 3158 surculus
1073 3115 1130 3158 eum

83 3243 90 3257 ι
137 3173 182 3233 lais
196 3173 346 3251 inferbuit,
363 3179 438 3237 omni
454 3197 530 3239 nora
546 3189 661 3238 vacant.
1137 3203 1157 3244 aa

202 3257 250 3318 13.
272 3257 390 3318 Adustis
408 3279 524 3339 quoque
539 3262 614 3322 locis
629 3265 810 3327 extrinsecus
825 3265 869 3324 vis
882 3264 1022 3327 infertur:
1039 3268 1131 3344 itaque

4 3371 6 3444 p
55 3338 58 3343 ’
137 3342 220 3419 sequi
234 3341 363 3414 videtur,
381 3351 411 3401 ut
427 3343 463 3402 de
481 3345 525 3404 his
540 3345 642 3406 dicam.
669 3346 750 3410 Haec
765 3358 859 3408 autom
874 3350 984 3427 optime
1000 3359 1130 3410 curantur

136 3421 216 3486 icliia
233 3433 280 3487 aut
303 3423 370 3500 lilii,
387 3435 434 3486 aut
445 3421 565 3504 ,linguae
584 3431 720 3504 caninae,
737 3441 784 3492 aut
798 3431 884 3493 betae
900 3433 929 3492 in
947 3442 1050 3494 vetere
1065 3434 1130 3492 rino
