2444 3904
162 187 220 250 34κ
453 197 486 244 s.
503 195 533 244 c.
550 195 648 246 cnnsr
664 194 855 244 uuurcnasn

159 354 255 431 urgeri
276 351 330 430 (ci.
348 349 427 429 Apo.
440 349 478 427 ll,
498 351 548 430 3);
568 352 709 428 pejusque
725 364 782 427 qno
800 347 891 424 magis
911 363 1004 426 sopor
1019 341 1160 417 interdiu,

160 446 304 514 noctuque
316 437 468 496 continuat.
496 433 563 493 blali
577 434 663 492 etiarn
678 431 770 492 morbi
781 433 972 492 testimonium
986 437 1048 505 est,
1064 427 1161 488 rebe·

159 529 270 580 menter
284 528 312 579 et
328 519 432 578 crebro
450 519 577 596 spirare,
595 534 610 575 a
628 525 713 576 sexto
729 516 776 576 dle
792 517 928 594 coepisse
949 515 1163 574 inhorrescere

159 603 214 682 (ci.
235 601 313 682 Apa.
334 601 390 679 IV,
418 601 493 681 29),
518 619 571 678 pus
590 619 737 679 expuere,
763 600 812 659 vix
833 617 993 675 excreare,
1021 596 1164 656 dolorem

158 687 265 748 habere
285 687 460 761 continuum,
479 683 634 746 difficulter
647 683 725 743 ferre
741 682 887 758 morbum,
900 684 1014 758 jactare
1034 679 1187 746 bracbias

160 781 294 846 etenum,
312 771 373 830 sine
384 771 530 829 voluntate
544 768 694 827 lacrimare
707 767 768 847 (ci.
784 764 863 846 Apb.
879 767 935 844 lv,
951 767 1027 845 52);
1044 764 1165 824 babere

157 855 304 916 humorem
333 855 505 931 glutinosum
534 851 667 912 dentibus
694 849 891 912 inhaerentem
922 850 976 928 (cl.
997 846 1079 927 Apo.
1103 848 1164 923 tv,

158 939 232 1018 53),
256 947 348 999 cutem
379 939 455 996 circa
484 935 646 995 umbilicum
667 943 695 996 et
714 936 820 1014 pubem
842 953 966 996 macram
993 933 1047 1010 (oi.
1073 929 1163 1010 Apb.

157 1023 201 1098 ll,
223 1022 296 1099 35),
317 1019 486 1099 praecordia
505 1019 692 1095 inflammata,
711 1020 849 1094 dolentia,
865 1020 952 1093 dura,
969 1017 1093 1093 tumida,
1115 1018 1164 1076 in-

157 1115 251 1180 tenta,
273 1107 422 1182 magisque
441 1105 465 1162 si
484 1103 559 1162 baec
578 1104 679 1165 dextra
701 1113 801 1181 parte,
823 1121 907 1181 quam
929 1103 1060 1177 sinistra,
1091 1109 1195 1161 sunto

158 1188 318 1267 (Proqu.§
335 1189 385 1264 7);
406 1187 682 1266 periculosissimum
700 1196 795 1248 tamen
811 1196 872 1262 est,
889 1188 914 1246 si
928 1203 1020 1246 venae
1036 1201 1164 1263 quoque

157 1272 195 1330 lbi
206 1272 391 1330 vehementer
406 1273 547 1348 agitantur
563 1269 689 1352 (iord).
734 1271 801 1331 blali
821 1273 907 1330 etiam
928 1269 1022 1330 morbi
1043 1271 1165 1347 siguum

158 1363 217 1430 est,
242 1357 323 1414 nimis
344 1354 481 1414 celeriter
499 1373 715 1425 emacrescere;
736 1365 866 1434 caputet
884 1355 977 1434 pedes
996 1371 1163 1430 manusque

99 1475 103 1482 ·
156 1437 274 1515 frigidas
294 1437 418 1514 habere,
436 1447 538 1498 ventre
555 1449 584 1498 et
609 1438 748 1499 lateribus
763 1440 943 1514 calentibus,
966 1448 1013 1498 aut
1033 1437 1163 1514 frigidas

28 1573 55 1593 ,,
157 1531 299 1582 extremas
321 1531 418 1600 partes
444 1531 527 1583 acuto
547 1524 649 1584 morbo
673 1531 795 1600 urgente
817 1522 913 1603 (Apis.
936 1522 1006 1597 Vll,
1033 1521 1083 1599 l);
1108 1527 1194 1581 ant¹⁵

53 1639 56 1645 Α
156 1615 223 1684 post
235 1607 367 1666 sudorem
381 1605 598 1676 inhorrescerc;
617 1617 664 1668 aut
677 1617 745 1686 post
757 1610 892 1668 vomitum
904 1606 1059 1684 singultum
1072 1623 1161 1679 esse,

30 1707 37 1714 ·
155 1690 204 1750 vel
224 1688 329 1748 rubere
346 1690 447 1749 oculos
465 1688 558 1768 (Apo.
580 1691 651 1766 Vll,
668 1691 688 1750 4
703 1701 733 1751 et
750 1692 802 1770 3);
820 1701 867 1752 aut
882 1701 949 1769 post
970 1689 1161 1768 cupiditatem

156 1772 223 1848 cibi,
240 1781 343 1850 postve
359 1774 460 1850 longas
472 1774 572 1834 febres
583 1775 728 1843 fastidire;
742 1784 789 1834 aut
801 1776 916 1834 multum
928 1775 1048 1850 sudare,
1063 1775 1160 1832 maxi-

155 1873 258 1933 meque
284 1857 389 1934 irigido
413 1856 535 1927 sudore;
563 1867 611 1918 aut
631 1859 741 1918 babere
764 1859 886 1919 sudores
907 1877 965 1918 non
987 1876 1041 1937 per
1062 1866 1160 1917 totum

155 1956 261 2016 corpus
284 1941 437 2018 aequales,
458 1943 563 2019 quique
588 1942 700 2001 febrem
715 1941 772 2001 non
788 1943 898 2013 liniant;
920 1952 951 2002 ct
974 1963 1023 2005 eas
1039 1944 1159 2020 febres,
1169 1963 1192 2002 ro

155 2039 228 2100 quae
252 2025 378 2100 quotidie
399 2034 530 2102 tempore
552 2026 655 2085 eodem
677 2036 882 2106 revertantur;¹
902 2043 1015 2105 quaeve
1036 2043 1160 2103 semper

153 2123 240 2184 pares
258 2109 443 2167 accessiones
459 2108 592 2185 habeant,
612 2127 706 2190 neque
720 2113 805 2171 tertio
821 2128 938 2189 quoque
954 2110 1001 2170 die
1019 2110 1159 2169 leventur

155 2189 208 2267 (cl.
224 2187 438 2268 Apr.1v,43;
454 2189 565 2272 Propo.
584 2194 604 2270 δ
620 2194 672 2272 6);
700 2213 813 2273 quaeve
837 2197 880 2256 sic
905 2195 1089 2268 continuent,
1125 2203 1159 2252 ut

154 2293 207 2352 per
222 2277 407 2336 accessiones
423 2277 601 2355 increscant,
623 2297 677 2356 per
691 2279 881 2345 decessiones
895 2287 1002 2338 tanturn
1020 2277 1157 2337 mollian-

153 2367 214 2433 tur,
241 2377 334 2436 neque
357 2378 487 2439 umquam
509 2362 651 2439 integrum
669 2381 774 2442 corpus
796 2363 943 2423 dimittant.
991 2363 1155 2423 Pessimum
1166 2381 1190 2420 aa

154 2451 213 2516 est,
238 2445 262 2500 sl
277 2449 318 2502 'ne
335 2444 446 2504 levatur
460 2445 576 2522 ¹quidem
599 2446 706 2519 febris,
727 2446 778 2504 sed
799 2465 892 2523 aeque
915 2449 1059 2507 concitata
1082 2465 1155 2506 cou-

153 2526 250 2582 tinuat.
274 2517 470 2586 Periculosum
483 2537 528 2587 est
540 2531 641 2602 etiam,
659 2537 725 2605 post
737 2539 884 2607 arquatum
894 2531 1025 2591 morbum
1037 2528 1156 2590 iebrem

153 2607 231 2674 oriri
246 2607 299 2683 (cl.
324 2607 378 2682 lll,
403 2611 476 2686 24);
496 2612 593 2688 utique
609 2613 633 2670 si
656 2612 827 2688 praecordia
849 2615 951 2675 dextra
973 2625 1057 2693 parte
1079 2615 1154 2674 dura

152 2697 323 2748 manserunt.
356 2691 400 2750 Ao
415 2691 576 2752 dolentibus
591 2694 643 2769 iis,
664 2695 748 2768 nulla,
759 2705 841 2756 acuta
864 2699 955 2758 febris
973 2699 1078 2758 leviter
1093 2708 1153 2758 ter-

152 2787 217 2830 rere
233 2788 287 2832 nos
302 2772 403 2845 doben
426 2793 521 2861 neque
537 2793 665 2856 umquam
683 2779 710 2837 in
723 2789 806 2839 acuta
820 2780 922 2859 lehre,
945 2790 993 2841 aut
1014 2801 1031 2842 a
1047 2799 1151 2842 somno
1162 2803 1187 2844 eo

151 2873 208 2914 nou
221 2864 265 2915 est
273 2857 410 2917 terribilis
423 2875 576 2918 nervorum
588 2860 732 2922 distentio.
761 2863 874 2925 Timere
888 2869 973 2926 etlam
985 2885 1022 2926 ex
1033 2880 1150 2942 somno,

151 2939 217 2998 mali
234 2941 325 3000 morbi
337 2949 397 3008 est;
415 2943 540 3021 itemque
556 2945 583 3002 in
599 2944 689 3022 prima
701 2945 784 3007 febre
800 2943 930 3028 protinus
942 2959 1068 3030 mentem
1081 2967 1151 3010 esse

150 3023 305 3098 turbatam,
333 3025 526 3087 membrumve
553 3028 670 3106 aliquod
699 3033 867 3092 resolutum
918 3034 1042 3113 Exque
1066 3052 1148 3110 casu,

126 3109 279 3183 quamvis
304 3110 362 3168 vita
387 3109 525 3186 redditur,
551 3121 645 3172 tamen
669 3115 697 3174 id
718 3116 781 3176 iere
797 3116 955 3177 membrum
971 3119 1145 3179 debilitatur.

92 3223 97 3234 ·
155 3189 285 3250 Vomitus
308 3193 391 3252 etiarn
413 3195 596 3271 periculosus
618 3206 662 3257 est
682 3201 811 3260 sincerus
834 3203 971 3278 pituitae,
994 3204 1042 3262 vel
1064 3203 1184 3269 bilis;s⁵

150 3273 307 3350 pejorque,
329 3275 353 3334 si
374 3277 482 3354 viridis,
509 3288 556 3340 aut
579 3282 662 3362 niger
680 3291 725 3342 est
755 3285 810 3363 (cl.
832 3285 944 3365 Propo.
965 3287 985 3362 ἓ
1008 3287 1075 3365 13).
1110 3287 1147 3346 At

149 3355 221 3415 mala
236 3359 314 3417 urina
327 3369 388 3432 est,
407 3363 435 3418 in
448 3377 503 3440 qua
519 3363 668 3425 subsidunt
680 3363 820 3428 subrubra
834 3379 862 3429 et
878 3371 988 3430 laevior
1003 3372 1145 3445 deterior,

149 3440 177 3498 in
199 3458 253 3518 qua
275 3445 354 3520 quasi
375 3444 445 3504 iolla
470 3447 609 3524 quaedam
630 3451 725 3510 tenuia
748 3461 833 3530 nique
852 3453 933 3514 alba:
958 3456 1086 3532 pessima
1108 3473 1145 3514 ex
