2372 3892
391 188 714 238 nun.v11.cue.v11.
982 181 1043 246 ata

38 333 218 423 postulem,
239 349 269 403 et
282 340 346 420 ipsa
361 342 477 404 diversa
492 351 573 421 eunt,
593 353 622 404 et
637 343 721 404 aliter
740 345 881 424 aliterque
900 357 1043 409 curantur.

36 427 145 505 Igitur
159 429 188 485 in
202 426 400 504 superioribus
417 427 566 506 palpebris
578 429 696 488 vesicae
713 431 794 490 nasci
810 430 907 492 solent
923 433 1045 510 pingues

39 527 234 589 gravesque,
250 528 324 589 quae
341 513 390 570 vix
404 512 540 572 attollere
559 512 663 572 oculos
677 514 786 588 sinunt,
807 513 946 593 leuesque
963 518 1044 595 pitui-

39 604 100 656 tae
118 612 234 671 cursus,
256 593 308 654 sed
328 595 476 672 assiduos,
499 598 526 656 in
548 596 640 656 oeulis
660 605 786 656 mouent.
824 596 899 656 Fere
921 617 992 658 uero
1016 602 1045 660 in

2 697 25 738 5
40 679 153 758 pneris
167 686 330 738 naseuntur.
365 678 502 757 Oportet,
522 697 691 760 compresso
706 679 803 757 digitis
819 680 930 742 duobus
946 683 1043 760 oculo,

40 771 141 840 atque
157 764 194 822 ita
211 770 276 821 cute
292 763 412 842 intenta,
425 762 567 843 scalpello
582 771 774 823 transversam
788 765 891 824 lineam
907 766 1044 843 incidere,

41 863 194 924 suspensa
209 845 314 904 leviter
328 863 427 922 manu,
444 865 480 906 ne
498 849 596 908 vesica
612 848 674 925 ipsa
688 847 871 909 vulneretur:
893 859 938 925 et,
955 859 985 910 ut
1002 851 1066 910 lo-b

43 948 108 990 eus
120 930 146 989 ei
161 929 322 1008 patefactus
338 940 398 1006 est,
415 933 479 1010 ipsa
496 939 675 1010 prorumpat;
721 940 777 992 tum
800 932 896 1009 digitis
916 951 979 992 eam
995 951 1043 1012 ap·

43 1013 249 1094 prehendere,
266 1022 294 1073 et
309 1014 437 1074 evellere
454 1015 501 1092 (Ρ.
522 1015 599 1090 Aeg.
615 1013 666 1090 v1‚
685 1017 750 1094 14).
773 1015 873 1075 Facile
888 1024 982 1076 autem
998 1036 1043 1076 se-

2 1117 31 1160 o
42 1098 159 1176 quitur.
179 1097 252 1156 Dein
269 1099 455 1175 superinungi
474 1098 595 1174 collyrio
611 1097 697 1158 debet
706 1117 743 1158 ex
759 1100 794 1158 iis
811 1099 1044 1180 aliquo,quolip·

44 1182 170 1261 pientes
185 1181 262 1241 oculi
276 1182 598 1260 superinunguntur(cl.
608 1182 719 1259 vl‚6):
733 1184 972 1262 paucissimisque
986 1184 1044 1244 die·

42 1265 107 1326 bns
126 1265 291 1326 cicatricula
309 1264 457 1326 inducitur.
481 1267 632 1327 Molestius
646 1274 691 1326 cst
705 1266 752 1326 ubi
767 1268 856 1326 incisa
871 1270 970 1328 vesica
984 1276 1044 1327 est:

43 1348 173 1410 effundit
187 1350 261 1408 enim
277 1348 439 1416 humorem:
457 1367 552 1428 neque
568 1358 687 1429 postea,
706 1351 771 1427 qula
787 1351 880 1410 tenuis
896 1350 1045 1411 admodum

42 1441 109 1507 est,
124 1441 220 1511 potest
233 1433 342 1510 colligi.
366 1435 396 1492 si
411 1434 487 1494 forte
502 1434 530 1493 id
546 1433 655 1508 incidit,
669 1449 766 1492 eurum
779 1432 884 1511 aliquid
898 1436 1044 1514 imponen-

0 1517 120 1578 ›edum
137 1526 196 1591 est,
215 1533 288 1594 quae
306 1517 368 1596 puri
383 1517 526 1578 movendo
543 1521 607 1577 subt
619 1516 673 1595 (cl.
691 1517 728 1594 V,
747 1515 764 1576 3
784 1525 813 1576 ct
830 1519 860 1593 9,
880 1518 917 1579 10
931 1519 1024 1595 sqq).

117 1600 148 1660 2.
168 1600 199 1661 ln
220 1601 320 1660 eadem
339 1601 479 1680 palpebra
500 1618 587 1680 supra
607 1600 728 1679 pilorum
750 1600 845 1660 locum
866 1601 1045 1660 tuberculum

45 1685 206 1764 parvulum
229 1686 369 1762 nascitur,
393 1684 469 1764 quod
497 1704 513 1746 a
539 1683 718 1744 similitudine
741 1682 859 1759 hordei,
885 1701 901 1744 a
925 1683 1044 1746 Graecis

46 1761 158 1848 κριθή
174 1769 342 1829 nominatur.
365 1769 473 1829 Tunica
491 1768 641 1847 quiddam,
659 1767 736 1846 quod
751 1767 906 1828 difficulter
922 1775 1044 1826 mature·

43 1854 121 1926 ecit,
132 1851 372 1930 comprehensum
382 1861 436 1912 est.
459 1852 491 1913 ld
505 1853 552 1913 vel
567 1852 661 1912 calido
678 1868 767 1929 pane,
782 1851 828 1910 vel
845 1868 913 1911 cera
925 1849 1045 1912 subinde

0 1974 29 1995 c.
48 1935 198 1998 calefacta
219 1936 312 1996 foveri
331 1945 447 2016 oportet
466 1939 528 2012 sic,
550 1954 586 1995 ne
605 1937 706 1995 nimius
720 1936 745 1994 is
764 1935 844 1996 calor
866 1936 919 2011 sit,
937 1934 989 1994 sed
1004 1934 1044 1994 fa·

48 2021 112 2082 olle
130 2037 164 2080 ea
179 2029 261 2098 parte
280 2022 468 2080 sustineatur:
487 2019 541 2080 bac
556 2021 629 2079 enirn
644 2020 755 2079 ratione
776 2037 866 2097 saepe
885 2017 1044 2091 discutitur,

46 2102 195 2166 interdum
210 2093 412 2182 concoquitur.
452 2104 482 2164 st
503 2121 557 2182 pus
580 2121 612 2162 se
631 2101 772 2175 ostendit,
793 2101 935 2180 scalpello
958 2099 1045 2160 dividi

47 2187 153 2263 debet,
170 2197 210 2264 et,
223 2186 358 2267 quidquid
374 2189 447 2248 intus
462 2187 588 2250 humoris
604 2193 659 2259 est,
673 2187 809 2263 exprimi:
826 2183 929 2244 eodem
941 2181 1045 2242 deinde

47 2289 165 2352 vapore
181 2280 284 2350 postea
301 2289 417 2350 quoque
431 2271 525 2332 foveri
541 2279 570 2330 et
585 2269 790 2353 superinungi,
811 2267 904 2330 donec
919 2265 954 2326 ad
971 2266 1045 2326 sani·

6 2367 143 2418 aetatem
158 2356 316 2434 perueniat.
507 2387 510 2392 ·
644 2385 646 2390 ·

118 2439 149 2500 3.
170 2438 235 2500 Alia
250 2456 365 2517 quoque
382 2438 521 2518 quaedam
535 2440 562 2497 in
577 2435 726 2516 palpebris
744 2434 810 2495 buia
824 2451 882 2494 non
897 2431 1046 2492 dissimilia

50 2531 223 2592 nascentum
236 2521 289 2582 sed
303 2541 396 2602 neque
409 2523 505 2600 utique
518 2523 627 2598 figurae
640 2518 769 2594 ejusdem
783 2527 812 2578 et
822 2517 949 2592 mobilia,
963 2514 1047 2575 simul

24 2668 26 2678 ,
51 2616 85 2668 at
107 2623 143 2666 ue
157 2605 248 2688 digito
269 2606 318 2666 vel
335 2606 391 2666 buc
406 2605 454 2667 vel
478 2605 547 2666 illuc
571 2603 769 2681 impelluntur:
793 2603 971 2684 ideoque-ea
986 2617 1028 2678 χα

51 2692 149 2765 detta
163 2687 266 2750 Graeci
282 2698 389 2751 vocant
409 2689 456 2767 (P.
471 2689 548 2765 Aeg.
563 2686 620 2764 Vl,
639 2687 704 2764 16).
726 2686 806 2747 llaec
821 2685 907 2748 incidi
928 2682 1046 2758 debent,

9 2777 80 2843 cosi
98 2773 151 2834 sub
168 2782 327 2849 cutesunt,
351 2772 387 2833 ab
403 2775 549 2832 exteriore
574 2781 671 2850 parte;
693 2771 717 2830 si
741 2769 793 2830 sub
814 2768 994 2844 cartilagine,
1010 2764 1047 2825 ab

17 2908 21 2916 .
50 2859 209 2921 interiore:
238 2857 303 2917 dein
325 2856 457 2934 scalpelli
478 2855 657 2916 manubriolo
684 2852 842 2913 diducenda
866 2851 901 2910 ab
926 2848 1047 2924 integris

51 2941 185 3024 partibus
201 2950 275 3000 sunt.
306 2941 366 3016 Ac,
377 2941 405 2998 'si
418 2941 493 2998 intus
509 2939 596 3017 plaga
612 2945 676 3012 est,
691 2932 882 3012 inungendum
898 2932 989 3010 primo
1005 2929 1046 2989 le·

51 3025 147 3102 nibus,
164 3025 266 3084 deinde
279 3022 458 3088 acrioribus:
475 3022 499 3081 si
515 3031 609 3097 extra,
626 3017 835 3099 superdandum
851 3014 1046 3096 emplastrum,

55 3127 114 3190 quo
128 3109 334 3185 idglutinetur.
647 3106 651 3113 '

17 3218 45 3260 aa
118 3195 148 3253 4.
173 3190 285 3268 Unguis
295 3208 383 3266 uero,
401 3178 666 3269 quodmcspriycoc
675 3183 777 3246 Graeci
791 3189 896 3244 vocant
912 3180 958 3260 (P.
970 3181 1047 3258 Aeg.

53 3275 112 3354 Vl,
130 3276 203 3352 18),
226 3285 271 3336 est
288 3273 479 3334 membranula
504 3288 628 3330 nervosa
644 3271 742 3328 oriens
764 3265 800 3328 ab
824 3265 948 3343 angulo,
973 3281 1048 3343 quae

55 3377 268 3437 nonnumquam
294 3358 330 3419 ad
352 3355 488 3437 pupillam
512 3370 628 3432 quoque
660 3353 810 3432 pervenit,
834 3352 919 3428 eique
947 3349 1046 3408 officit.

55 3445 211 3522 Saepiusa
229 3445 352 3520 narium,
365 3438 504 3506 interdum
516 3438 600 3498 etiam
612 3455 628 3498 a
639 3445 799 3516 temporum
814 3442 895 3579 p8arte
910 3431 1046 3494 nascitur.

110 3543 216 3589 causus.
807 3519 820 3578 l
