2392 3906
408 239 697 290 nrn.11.cnn.v11.
873 309 876 318 Ι
1005 233 1043 292 41

50 401 136 454 ereta
153 401 229 469 sunt,
246 392 331 476 idque
343 395 436 474 ipsum
451 411 514 456 oum
525 395 693 456 difficultate
708 396 844 475 redditur,
862 406 892 457 et
908 399 984 459 eirea
996 415 1047 476 pu·

49 479 121 538 hem
146 478 300 536 interiores
323 479 557 556 partessdolenn
581 482 609 538 in
631 479 732 540 eadem
755 483 853 540 vesioa
875 484 971 541 vitium
992 491 1046 545 est.

51 561 209 622 Galoirlosi
220 577 290 620 vero
302 562 346 621 his
358 563 470 622 indioiis
482 573 711 640 cognoscuntur:
727 563 881 625 difficulter
893 567 971 626 urina
983 566 1048 626 red·

50 648 138 722 ditur,
155 644 366 724 paulatimque;
389 646 529 706 interdum
545 649 629 707 etiam
642 648 704 706 sine
718 647 880 725 voluntate,
905 649 1049 716 destillat;

31 729 161 790 seadem
181 745 303 789 arenosa
318 738 363 790 est
379 731 434 808 (ei.
449 728 528 809 Aple.
542 730 597 806 lv,
615 731 685 810 79);
701 748 909 809 nonnumquam
923 741 971 792 aut
985 750 1048 792 san·

49 817 136 890 guis,
152 821 203 872 aut
218 821 381 888 cruentum,
406 823 453 874 aut
473 814 651 892 purulentum
667 815 773 892 aliquid
789 833 853 874 oum
868 832 901 874 ea
918 817 1048 875 externi·

51 908 113 966 tnr;
133 913 259 976 eamque
275 888 387 975 quidam
399 899 538 975 promtius
553 900 636 974 recti,
652 899 765 976 quidam
780 900 945 976 resupinati,
961 901 1049 958 maxi·

53 997 159 1058 meque
176 982 206 1057 ii,
223 982 270 1058 qui
282 981 407 1057 grandes
422 981 554 1042 ealoulos
568 979 691 1057 habent4
706 982 913 1061 quidamettam
925 983 1050 1043 inclinati

56 1063 195 1140 reddunt,
219 1064 370 1144 colemque
386 1065 587 1141 extendendo3
609 1065 740 1126 dolorem
759 1065 864 1126 levant.
897 1066 1050 1127 Gravitatis

25 1161 174 1226 roqnoque
196 1149 343 1208 cniusdam
362 1149 390 1208 in
415 1167 449 1210 ea
470 1158 551 1228 parte
574 1167 677 1209 sensns
697 1159 756 1209 est:
784 1158 870 1227 atque
897 1166 932 1210 ea
953 1167 1050 1225 eursu,

59 1234 192 1311 omnique
214 1241 292 1292 motu
319 1242 467 1309 augentur.
496 1231 615 1306 Quidam
639 1234 739 1308 etiam,
764 1251 848 1312 quum
870 1241 1050 1312 torquentur,

54 1317 149 1395 pedes
163 1317 241 1376 inter
254 1334 298 1392 se,
318 1316 438 1380 subinde
453 1317 565 1376 mutatis
585 1315 713 1392 ritibus,
729 1317 885 1396 implicant.
916 1315 1051 1378 Feminae

53 1417 124 1460 vero
141 1415 213 1459 oras
229 1401 397 1461 naturalium
414 1417 528 1460 snorum
539 1400 667 1461 manibus
680 1402 801 1461 admotis
812 1400 934 1463 scabere
947 1400 1051 1461 erebro

55 1493 216 1561 eoguntur:
237 1501 459 1563 nonnumquam,
483 1483 508 1543 si
522 1484 639 1561 digitum
654 1486 855 1561 admoverunt,
871 1484 921 1545 ubi
934 1486 1052 1546 vesioae

24 1579 47 1620 ¹⁵
56 1567 205 1628 eervieem
220 1567 245 1625 is
257 1577 355 1646 urget,
373 1567 513 1628 caleulum
525 1570 650 1628 sentiunt
664 1567 718 1645 (ci.
730 1567 808 1644 Aer,
827 1586 876 1648 op.
890 1575 921 1629 et
933 1568 990 1630 loo.
1004 1569 1050 1646 9).

57 1653 156 1730 Atqui
170 1661 348 1729 spumantem
360 1653 525 1730 sanguinem
537 1662 699 1729 emmeant,
712 1652 756 1712 his
770 1654 798 1711 in
809 1653 944 1730 pulmone
954 1653 1052 1712 vitium

53 1745 96 1796 est
115 1733 218 1815 (Aple.
234 1735 271 1810 V,
289 1736 341 1803 13;
364 1734 458 1796 Coae.
480 1736 568 1815 495).
598 1735 711 1796 llulieri
726 1736 863 1814 gravidae
883 1737 944 1795 sine
966 1734 1051 1796 modo

51 1821 115 1880 fusa
139 1819 228 1880 alvus
250 1819 360 1880 elidere
384 1829 493 1896 partum
513 1828 611 1898 potest
633 1818 727 1899 (Aple.
743 1820 779 1897 V,
796 1819 862 1899 34).
906 1819 1006 1880 Eidem
1027 1817 1053 1878 si

52 1905 99 1964 lao
114 1921 158 1962 ex
175 1904 302 1962 mammis
318 1903 447 1982 profluit,
466 1903 640 1964 imbecillum
655 1913 702 1964 est
718 1904 796 1983 quod
810 1905 883 1964 intus
895 1905 985 1980 gerit:
1002 1902 1051 1963 du·

21 1999 103 2047 torae
116 2003 272 2062 mammae,
290 2003 386 2047 sanum
399 1987 468 2047 illud
481 2005 558 2064 esse,
570 1997 709 2048 testantur
724 1985 819 2066 (Aple.
836 1987 871 2062 V,
887 1987 954 2067 52).
983 1986 1052 2047 llre·

54 2087 147 2150 quens
169 2068 326 2148 singultus,
345 2080 374 2132 et
389 2081 506 2150 praeter
526 2072 760 2132 consuetudinem
784 2073 951 2146 continuus,
968 2072 1053 2146 ieeur

53 2155 261 2215 inflammatum
277 2172 344 2214 esse
364 2155 506 2231 significat
521 2155 576 2233 (ol.
592 2152 671 2233 Aple.
688 2153 752 2229 vll,
770 2156 834 2234 lt).
879 2155 909 2213 Si
925 2164 1053 2214 tumores

54 2255 144 2317 saper
161 2237 265 2297 ultera
280 2238 373 2305 subito
389 2255 457 2297 esse
472 2238 628 2315 desierunt,
644 2238 730 2316 idque
746 2253 762 2296 a
779 2247 865 2315 tergo
881 2237 989 2312 inuidit,
1004 2236 1053 2295 vel

57 2323 194 2382 distentio
217 2339 387 2399 nervorum,
406 2321 455 2382 uel
477 2322 558 2398 rigor
578 2322 671 2381 timeri
692 2329 803 2398 potest:
828 2330 856 2380 at
877 2321 900 2379 si
923 2337 938 2379 a
955 2321 1054 2398 priore

28 2415 144 2484 aparte
169 2405 198 2465 id
227 2407 337 2481 evenit,
361 2406 410 2466 vel
434 2404 533 2466 lateris
555 2414 655 2464 aoutns
677 2404 776 2481 dolor,
804 2404 854 2463 uel
875 2404 983 2464 insania
1003 2421 1052 2462 ex·

62 2490 218 2567 spectanda
229 2497 274 2549 est
286 2486 424 2569 (Aplr.V‚
441 2491 513 2568 65);
529 2488 668 2548 interdum
684 2487 768 2548 etiam
791 2488 931 2564 ejusmodi
946 2503 1053 2563 tasum,

56 2589 131 2650 quae
145 2574 290 2634 tutissima
305 2575 378 2633 iuter
397 2574 470 2634 haeo
486 2582 540 2647 est,
557 2572 688 2650 prolusio
705 2572 762 2631 alui
785 2574 922 2649 sequitur.
954 2572 984 2631 Si
1002 2587 1054 2631 ora

54 2674 207 2732 venarum,
232 2657 398 2734 sanguinem
419 2657 504 2718 solita
525 2656 658 2732 fundere,
681 2655 775 2716 subito
799 2673 957 2734 suppressa
978 2664 1053 2729 sunt,

56 2749 103 2800 ant
130 2757 209 2818 aqua
237 2741 442 2824 intercutem,
465 2749 513 2800 aut
533 2741 615 2804 tabes
637 2741 768 2818 sequitur
794 2737 889 2818 (Aple.
910 2738 965 2816 Vl,
988 2739 1053 2818 12).

24 2822 170 2884 toEadem
184 2823 268 2884 tabes
283 2824 373 2899 subit,
393 2825 417 2883 si
438 2826 466 2884 in
486 2822 585 2884 lateris
602 2824 704 2883 dolore
723 2832 785 2882 orta
800 2824 967 2901 suppuratio
982 2824 1054 2882 intra

55 2906 838 2987 quadragintadiespurgarinonpotuit(Aplr.V,15;
854 2905 948 2968 θυαε.
964 2906 1053 2983 398).

54 2992 94 3052 At
110 2993 136 3050 si
156 2991 245 3068 longa
261 2993 374 3061 tristitia
391 3009 453 3052 eum
467 2992 556 3069 longo
572 2993 674 3051 timore
691 3001 721 3050 et
734 2989 834 3067 vigilia
848 2999 903 3066 est,
918 2999 997 3050 atrae
1012 2988 1054 3049 bi-

54 3076 91 3135 lis
106 3074 229 3135 morbus
243 3074 353 3136 subest.
384 3074 493 3149 Quibus
509 3093 600 3154 saepe
613 3093 651 3134 ex
665 3073 782 3135 naribus
797 3073 858 3133 lloit
869 3074 995 3150 sanguis,
1011 3073 1056 3133 luis

56 3169 106 3220 aut
118 3160 206 3219 lienis
222 3168 326 3234 tumet,
349 3169 396 3219 aut
417 3159 519 3238 ospitis
533 3159 747 3227 doloressunt3
770 3159 1003 3236 quossequitur,
1026 3164 1056 3216 nt

26 3259 49 3303 ts
57 3244 204 3324 quaedam
217 3253 281 3303 ante
294 3243 396 3303 oeulos
408 3251 549 3322 tamquam
560 3245 699 3319 imagines
711 3240 901 3302 obversentur
912 3241 1055 3319 (Prorrlr.

57 3327 98 3402 ll,
121 3327 143 3403 ς
160 3327 230 3405 35).
269 3326 308 3386 At
330 3327 431 3403 quibus
445 3328 539 3404 magni
554 3327 647 3386 lienes
663 3334 737 3401 sunt,
752 3324 796 3384 his
811 3327 945 3402 gingivae
963 3325 1056 3384 malae

59 3420 134 3484 sunt,
153 3418 183 3469 et
200 3426 235 3469 os
248 3409 318 3485 olet,
335 3419 382 3469 aut
397 3413 513 3488 sanguis
529 3410 623 3488 aliqua
639 3419 722 3489 parte
737 3410 912 3488 prorumpit:
937 3419 1056 3486 quorum
1079 3481 1082 3488 ¹

60 3495 84 3553 si
97 3494 170 3555 nihil
185 3495 299 3572 evenit,
315 3511 438 3554 neeesse
455 3503 500 3556 est
514 3495 541 3553 in
558 3494 687 3554 cruribus
703 3493 777 3554 mala
792 3492 902 3570 ulcera,
921 3500 998 3550 etex
1012 3491 1056 3550 his
