2384 3896
386 185 456 234 ma.
471 143 501 232 v.
527 185 603 234 osu.
619 185 717 237 xvm.
985 181 1041 239 171

40 337 199 415 sionibus;
226 337 328 417 qulbus
348 346 454 402 tantum
476 337 566 418 picis,
597 347 627 399 et
647 355 734 401 cerae
760 341 910 420 adlicihu,
941 352 971 404 ut
997 346 1046 406 list

42 424 149 482 cerati
165 423 335 484 crassitudo.

95 506 151 566 27.
189 505 235 566 hu
261 524 329 566 ossa
356 515 450 566 autem
475 506 659 583 Aristogenis
686 508 716 568 lit
743 525 779 568 ex
805 507 864 570 his:
900 509 1044 590 sulphuris

44 608 80 668 p.
99 590 161 669 )²(.
177 601 199 650 1.
221 590 334 650 resinae
361 589 584 666 terebinthinae,
607 592 671 650 uitri
694 607 828 670 spumae,
855 601 883 652 et
905 611 942 653 ex
962 594 1043 653 scilla

12 673 150 751 spartis
173 674 332 750 interioris,
356 671 463 751 plumbi
486 673 573 748 eloti,
597 674 774 751 singulorum
795 693 824 754 p.
845 675 899 754 )·(.
917 689 952 736 11.
974 681 1044 736 turis

44 755 190 834 fuliginis
209 774 238 834 p.
258 757 315 836 )-(.
337 771 409 817 vsu.
431 758 503 816 duas
521 756 618 817 aridae
640 775 722 836 qnam
742 759 960 836 pinguissimae,
982 763 1044 819 sevi

44 842 176 917 taurini,
207 841 383 917 singulorum
408 860 436 919 p.
457 839 512 917 )-(.
534 853 609 900 v111.
637 857 723 901 ceree
750 841 939 919 p.-)-(.xt1.
965 842 1052 917 iridis,

45 923 263 984 macedonicae
282 942 311 1002 p.
328 924 383 1003 )·(.
399 938 445 984 vs.
462 925 567 984 sesami
582 925 659 984 friati
675 923 864 984 acetabulum.

117 1006 170 1068 28.
200 1007 382 1087 Maximeque
409 1008 504 1068 nervis
532 1017 562 1067 et
588 1008 714 1068 articulis
737 1008 876 1086 malagma
899 1011 1042 1070 convenit.

4 1109 35 1150 ao
48 1090 150 1167 igitur
165 1089 317 1166 Euthyclei
333 1099 393 1165 est,
414 1100 444 1150 et
458 1090 493 1150 ad
508 1091 661 1168 articulos,
683 1091 761 1152 etad
777 1107 888 1153 omnem
904 1091 1043 1168 dolorem,

47 1183 83 1234 et
108 1173 147 1234 ad
168 1177 299 1250 vesicae,
324 1184 353 1234 et
372 1173 408 1234 ad
426 1176 535 1236 recenti
557 1175 691 1236 cicatrice
714 1185 878 1236 contractos
898 1175 1043 1250 articulos,

48 1275 134 1335 quae
155 1245 303 1336 ἀγκύλας
323 1257 425 1318 Graeci
453 1260 611 1333 nominant,
641 1255 831 1329 conueniens:
863 1259 939 1338 quod
959 1258 1046 1319 habet

48 1341 187 1418 fuliginis
202 1343 272 1402 turis
288 1341 485 1417 acetabulum,
509 1343 623 1402 resinae
640 1343 827 1419 tantumdem,
853 1344 968 1421 galbani
982 1345 1044 1402 siue

51 1424 183 1484 surculis
206 1426 401 1502 sescunciem,
423 1426 606 1502 ammoniaci,
631 1424 747 1502 bdellii,
774 1427 950 1503 singulorum
974 1445 1000 1504 p.
1018 1445 1042 1490 n.

10 1524 147 1568 ascenae
163 1525 191 1586 p.
204 1525 227 1567 s.
246 1507 292 1569 ht
309 1509 426 1569 eosdem
438 1506 455 1543 i
467 1507 589 1585 digitos:
608 1505 705 1585 iridis,
718 1511 899 1586 ammoniaci,
917 1507 1043 1586 galbani,

51 1593 141 1668 nitri,
168 1591 342 1670 singulorum
363 1612 391 1672 p.
414 1592 470 1672 )·(.
490 1606 562 1654 xiv.
590 1593 705 1654 resinae
724 1593 848 1673 liquidae
870 1612 899 1672 p.
921 1593 975 1672 )-(.
997 1605 1042 1652 vs.

50 1693 146 1736 cerae
162 1693 190 1755 p.
206 1676 261 1756 )-(.
281 1689 352 1738 xus.

120 1759 172 1819 29.
200 1759 247 1820 Ad
270 1759 391 1820 dolores
410 1758 609 1838 articulorum,
630 1761 811 1837 Sosagorae:
840 1759 947 1839 plumbi
967 1776 1043 1820 com·

53 1842 155 1918 busti,
189 1844 342 1922 papaueris
370 1843 518 1920 lacrimae,
550 1843 665 1904 comicis
692 1844 879 1920 hyoscyami,
909 1844 1042 1919 styracis,
1123 1860 1128 1869 ’

13 1950 43 1992 ac
55 1926 235 2006 peucedani,
250 1927 329 2002 sevi,
345 1929 474 2004 resinae,
492 1943 580 1986 cerae
596 1943 681 2004 pares
700 1930 861 2006 portiones.

120 2010 172 2072 30.
202 2009 370 2088 Chrysippi:
393 2012 506 2070 resinae
527 2010 666 2088 liquidae,
689 2011 901 2084 sandarachae,
924 2010 1042 2088 piperis,

54 2094 236 2172 singulorum
251 2111 279 2173 p.
295 2095 351 2173 )-(.
368 2107 427 2154 ΧΠ.
444 2093 545 2172 quibus
561 2111 646 2152 cerae
662 2095 805 2172 paululum
818 2094 958 2169 adjicitur.

120 2177 171 2240 31.
200 2176 410 2257 ctesiphontis:
432 2194 517 2238 cerae
534 2178 675 2254 creticae,
695 2178 808 2237 resinae
823 2175 1043 2249 terebinthinae,

55 2261 407 2339 nitri-quamuuherrimi,
422 2260 598 2336 singulomm
614 2278 642 2338 p.
658 2277 681 2320 s.
697 2261 755 2320 olei
772 2261 949 2335 cyathitres.
985 2257 1044 2317 Sed

18 2365 47 2406 aa
56 2345 87 2406 id
109 2344 291 2405 miramonte
309 2345 511 2424 pertriduum,
534 2343 669 2403 instillata
685 2359 774 2423 aqua,
798 2345 912 2420 terium,
934 2350 963 2401 et
982 2359 1043 2400 cum

56 2429 432 2507 sextaricejusineoquitur,
449 2427 542 2488 donec
555 2429 645 2486 omnis
656 2428 755 2487 hirmos
768 2437 958 2488 consumatur.
979 2425 1043 2485 Pot-

58 2517 105 2572 est
118 2529 189 2571 uero
202 2529 236 2570 ea
250 2515 420 2591 compositio
433 2514 516 2572 etiam
529 2510 564 2571 ad
577 2511 732 2588 parotidas,
745 2510 887 2589 phymata,
900 2519 1042 2587 strumam,

59 2611 230 2674 omnemque
245 2599 349 2656 coitum
367 2595 491 2656 humoris
506 2593 706 2656 emolliendum
724 2595 802 2672 (Gal.
815 2595 847 2655 S.
861 2593 896 2655 L.
909 2593 959 2668 Vl,
979 2595 1043 2674 ll).

122 2679 172 2741 32.
206 2679 251 2739 hd
275 2680 430 2755 articulos,
460 2680 506 2739 lici
526 2696 643 2757 quoque
662 2678 759 2738 aridas
782 2689 890 2759 partem
910 2686 1035 2756 nepetae

22 2780 49 2822 so
60 2765 189 2832 mixtam
207 2763 252 2823 uel
268 2779 350 2823 avam
365 2765 505 2824 taminiam
517 2765 580 2822 sine
593 2762 747 2822 serninihus
758 2780 822 2824 eum
834 2763 953 2842 pulegio
963 2770 1043 2819 recte

57 2848 163 2927 aliquis
177 2848 303 2922 imponit.

122 2929 173 2992 33.
204 2929 311 2991 Eadem
337 2931 485 3009 podagrae
507 2930 653 3010 praesidio
675 2939 748 2990 sunt.
793 2926 851 2988 Sed
872 2925 907 2987 sd
931 2943 993 2986 eam
1015 2927 1045 2984 lit

58 3015 204 3076 Aristonis
225 3031 356 3093 quoque,
389 3015 465 3092 quod
488 3015 575 3075 habet
594 3013 689 3090 nardi,
723 3013 907 3084 cinnamomi,
939 3011 1043 3085 casiae,
1130 3023 1133 3028 '

62 3099 302 3170 chamaeleontis,
318 3101 398 3173 junci
419 3099 549 3172 rotundi,
572 3097 749 3174 singulorum
761 3091 800 3172 .p'.
815 3094 871 3174 )·(.
887 3105 961 3154 vt11.
982 3096 1044 3154 sevi

25 3204 51 3244 ss
63 3181 170 3261 caprini
192 3199 229 3240 ex
249 3183 322 3241 irino
342 3181 493 3259 liquatip.
507 3181 562 3258 )-(.
578 3195 636 3240 xx.
660 3178 740 3238 iridis
762 3195 790 3256 p.
807 3177 862 3257 )·(.
877 3192 900 3237 1.
923 3195 997 3257 quae
1016 3180 1044 3236 in
1152 3195 1158 3207 ¹

64 3275 146 3326 aceto
161 3281 245 3343 quam
260 3266 399 3326 acerrimo
410 3267 513 3340 jacere
529 3281 582 3342 per
595 3277 653 3322 xx.
669 3262 731 3322 dies
747 3260 842 3333 debet.
862 3261 940 3320 Idem
951 3271 1044 3321 autem

66 3351 148 3410 etiarn
163 3349 291 3408 recentia
309 3348 441 3426 phymata
457 3347 633 3424 doloresque
648 3361 748 3406 omnes
762 3345 885 3420 discutit.

123 3432 173 3494 34.
205 3430 244 3491 dt
264 3431 438 3492 Theoxenus
460 3429 494 3490 ad
516 3429 619 3511 pedum
640 3429 776 3507 dolores,
796 3427 866 3499 seri
891 3447 907 3488 a
928 3424 1044 3487 renibus
