2384 3896
157 181 215 240 154
450 189 482 234 Δ.
499 187 530 235 G.
547 185 646 235 cunei
662 183 857 234 uenientes

153 347 241 425 idque
261 351 438 423 apponatur;
460 340 508 402 nel
529 341 623 402 album
646 359 684 400 en
708 355 766 402 ovo
788 357 851 399 cum
866 355 933 399 rosa
947 341 1085 415 mixtum,
1105 339 1152 398 ad

149 433 248 507 jecto,
265 445 321 507 quo
334 428 448 487 facilius
460 426 614 501 consistat,
631 426 773 484 contritae
784 441 870 484 rosae
883 423 1016 502 pulvere.
1042 421 1153 482 Doleas

151 531 225 574 vero
247 531 282 572 ea
303 511 441 590 sulphure
463 510 640 586 suffumigari
665 508 762 568 debet.
806 507 846 568 m
865 509 890 567 si
910 508 1050 585 purgatio
1073 507 1154 566 nimia

152 598 263 658 mulleri
286 603 387 672 nocet,
414 594 542 654 remedio
564 602 628 654 sunt
649 591 863 668 cucurbitulae,
890 601 954 652 cute
979 593 1098 667 incisa,
1118 593 1153 650 in·

153 681 286 760 guinibus
308 679 457 748 ueletiam
473 677 525 736 sub
543 678 670 738 mammis
687 677 820 738 admotae
837 672 932 756 (Aplt.
949 675 993 752 V,
1017 677 1094 754 50).
1129 675 1169 734 Sis

152 766 278 842 maligna
294 765 429 844 purgatio
446 771 490 822 est
503 761 545 841 ¹),
570 761 748 837 subjicienda
769 770 835 821 sunt
879 805 886 820 .
931 805 938 820 .
983 804 991 818 .
1043 805 1052 819 .
1101 805 1108 817 .
1149 804 1155 816 .

155 981 162 992 .
201 979 208 991 .
345 975 352 988 .
397 975 404 989 .
449 932 591 990 coeuntia.
620 929 652 990 ld
666 930 774 990 iaciunt
789 931 875 996 etiam
891 927 976 988 albae
990 927 1116 1005 olivae,
1133 938 1158 987 et

151 1019 265 1094 nigrum
286 1033 416 1094 papaver
440 1033 502 1074 cum
525 1014 611 1074 melle
633 1023 805 1089 assumtum,
831 1023 860 1073 et
880 1015 984 1091 gummi
1000 1031 1075 1072 eum
1094 1015 1157 1072 tritu

152 1103 262 1162 semine
286 1100 343 1178 apli
366 1099 520 1177 liquatum,
544 1107 573 1158 et
593 1115 656 1158 cum
674 1097 778 1173 cyatho
794 1099 873 1176 passi
889 1097 993 1158 datum.
1036 1097 1179 1157 Praeterit

152 1185 226 1244 haec
247 1184 275 1242 in
296 1182 426 1242 omnibus
446 1184 564 1242 vesicae
589 1181 739 1243 doloribus
763 1182 887 1242 idoneae
912 1183 1059 1260 potiones
1089 1191 1159 1258 suut,

153 1285 226 1347 quae
242 1285 279 1326 ex
296 1265 433 1326 odoribus
450 1268 534 1341 liunt,
560 1265 589 1325 id
604 1275 649 1326 est
664 1267 745 1344 spica
759 1265 856 1342 nardi,
881 1281 989 1341 croco,
1007 1267 1158 1339 cinnamo,

154 1354 249 1427 casia,
273 1350 483 1429 similibusque:
506 1350 639 1428 idemque
661 1353 746 1410 etiam
766 1348 889 1410 decocta
910 1349 1060 1409 lentiscus
1081 1368 1159 1428 prae

153 1439 218 1496 stat.
259 1435 289 1494 Si
310 1443 405 1494 tamen
426 1433 616 1494 intolerabilis
637 1434 723 1494 dolor
744 1443 805 1510 est,
833 1443 863 1494 et
885 1433 1003 1512 sanguis
1030 1435 1157 1512 produit

154 1521 239 1580 etiam
262 1519 408 1596 sanguinis
432 1518 572 1577 detractio
594 1527 661 1596 apta
678 1526 736 1587 est;
760 1526 808 1577 aut
821 1527 902 1578 certe
917 1517 1002 1576 conis
1016 1518 1178 1580 admotaau

154 1601 349 1662 cucurbitulae
365 1611 430 1660 cute
444 1603 543 1662 incisa.
877 1645 880 1652 .

216 1687 245 1746 2.
281 1685 319 1743 At
346 1701 430 1762 quum
456 1687 536 1745 urina
558 1703 647 1766 super
671 1687 819 1766 potionum
844 1686 957 1746 modum
981 1686 1076 1746 etiam
1103 1690 1157 1747 sinc

154 1769 258 1828 dolore
282 1767 429 1846 profluens
450 1772 569 1828 maciem
591 1780 620 1830 et
641 1769 800 1850 periculum
821 1770 907 1846 iacit,
935 1770 958 1830 si
979 1774 1087 1832 tenuis
1109 1782 1157 1845 est,

155 1870 229 1931 opus
251 1860 296 1911 est
311 1852 518 1912 exercitatione
535 1862 563 1912 et
578 1853 731 1930 frictione,
755 1855 936 1934 maximeque
954 1856 983 1914 iu
998 1857 1091 1934 sole,
1116 1855 1156 1916 nel

152 2010 352 2024 *-

208 2096 236 2164 1)
262 2094 330 2149 Edd.
359 2116 406 2152 sex
431 2103 543 2166 primae,
578 2111 602 2151 et
630 2103 761 2154 Ruelliana
788 2106 823 2156 iia
850 2105 956 2156 habent:
992 2107 1157 2171 suessionenci

151 2176 209 2222 sunt
227 2171 356 2229 coeuntic,·
373 2170 546 2221 Manutiauee:
565 2171 793 2235 subjiciendarum
828 2210 834 2224 .
872 2213 879 2227 .
918 2210 926 2223 .*
961 2211 967 2222 .
1007 2213 1014 2226 .
1061 2213 1068 2226 .
1112 2217 1117 2227 .
1151 2213 1156 2224 .

152 2241 267 2290 coeuntia
272 2258 282 2297 ;
306 2237 471 2300 Caesariana,
486 2239 650 2301 Pauliniaua,
669 2250 693 2290 et
711 2240 895 2308 Stephaniana:
917 2245 1089 2308 subjicienda
1106 2254 1156 2297 snat

152 2305 975 2376 coerceniia;Gryplriana,etuilonstantinlauasubjiciendasnnt
1008 2350 1014 2363 .
1058 2351 1067 2366 .
1109 2355 1115 2364 .
1149 2353 1153 2362 .

152 2377 282 2434 coeuntin;
298 2375 505 2446 Constantiniana
521 2377 546 2424 ln
562 2378 691 2442 margine,
709 2395 805 2430 menses
819 2384 964 2440 evocantis,-
983 2381 1154 2437 Lindeniana

151 2444 309 2506 subjicienda
322 2453 381 2496 sunt
397 2443 413 2476 *
430 2448 552 2496 coeuntia.
582 2447 611 2494 ln
629 2446 707 2498 Codd.
729 2448 790 2498 Mes.
809 2451 874 2498 iuter
892 2450 954 2499 haec
973 2450 1057 2499 verba
1078 2453 1155 2516 sudji

153 2513 243 2562 cienda
266 2520 336 2572 sant,
364 2521 388 2562 et
412 2513 455 2564 illa
478 2517 602 2569 coeuntia.
644 2517 680 2566 Id
697 2517 795 2580 faciunt
812 2527 857 2567 etc.
878 2534 952 2582 uuae
974 2517 1048 2568 inira
1075 2523 1155 2586 postu

153 2588 226 2638 sunt,
252 2595 347 2644 magna
369 2581 460 2632 lacuna
477 2590 529 2642 est;
554 2591 578 2632 et
596 2585 622 2633 in
640 2586 769 2649 plerisque
787 2588 898 2652 margini
921 2587 1088 2652 adscriptum
1114 2596 1154 2646 est,

151 2649 247 2700 Desunt
264 2649 290 2697 in
308 2651 471 2701 uetustissimo
483 2655 624 2716 exemplari
636 2655 686 2705 duo
695 2655 768 2717 folin.
798 2653 867 2716 Quae
879 2657 970 2716 desint,
986 2655 1155 2722 Morgagnus

153 2715 262 2766 ostendit
286 2731 318 2764 ex
342 2731 372 2765 ea
391 2727 464 2782 parte
485 2719 612 2786 Indicum,
645 2724 687 2785 qui
709 2721 767 2772 huic
790 2725 852 2774 libro
876 2725 1015 2791 praepositi
1044 2736 1111 2776 suut
1134 2727 1155 2773 in

153 2783 231 2903 Gpldp.
251 2785 433 2847 Forolivieusi,
458 2796 482 2838 et
498 2789 611 2840 Veneto:
636 2803 701 2854 quae
724 2807 783 2857 pars
799 2793 857 2843 luuic
874 2795 977 2844 lacunae
996 2795 1153 2860 respondet:

152 2854 177 2902 vl
197 2854 284 2906 eicet:

203 2923 262 2976 CII.
293 2927 359 2978 Vola
374 2925 413 2992 (id
432 2935 470 2976 est
492 2927 584 2993 Volua)
603 2932 751 2980 walemeis
769 2939 813 2982 est.

205 2992 280 3045 0111.
306 2997 346 3046 De
368 2999 470 3048 Vesica.

204 3061 295 3113 CIIII.
326 3065 483 3130 Devcalenlis
501 3068 526 3116 in
544 3069 634 3118 uesica.

205 3129 260 3180 CV.
280 3130 312 3180 In
327 3137 392 3183 omni
406 3135 494 3186 dolore
511 3138 616 3185 vesicae.
657 3157 659 3160 ·

151 3195 284 3257 Eiusmodi
303 3199 398 3250 indices
418 3201 541 3251 habentur
556 3203 628 3251 etlam
648 3203 674 3252 in
690 3203 768 3253 cndu.
785 3203 903 3254 Mediceis
922 3219 950 3254 n.
969 3219 1008 3258 ru.
1028 3215 1071 3254 tv.
1089 3217 1119 3255 v,
1132 3214 1152 3256 et

152 3272 200 3312 vu.
225 3273 249 3314 et
271 3267 298 3314 in
322 3269 406 3319 multis
426 3269 569 3320 Vaticanis:
595 3272 620 3319 in
641 3269 706 3326 Med.
735 3281 819 3322 autem
843 3288 859 3322 1.
887 3281 911 3323 et
926 3273 984 3326 Vat.
1007 3289 1066 3326 vus.
1091 3276 1152 3326 haee

153 3340 225 3382 suat:
241 3335 282 3384 Ile
298 3340 388 3400 capitis
405 3340 546 3397 doloribus,
566 3340 597 3389 de
617 3341 768 3392 distensione
786 3345 853 3401 cris,
872 3344 972 3407 linquae
983 3348 1150 3404 resolutione,

151 3401 316 3454 destillatione
334 3441 428 3456 .....
447 3409 603 3470 dejectione,
617 3409 707 3457 aulone
732 3417 757 3460 et
778 3413 973 3472 vasionensium,
997 3413 1152 3477 professione

150 3474 262 3532 caninis,
280 3474 368 3535 conis,
387 3476 504 3538 panibus,
523 3477 642 3538 numerus,
660 3479 781 3544 pedidus,
802 3480 914 3532 manibus
927 3482 1079 3536 dolentibus.
