2384 3896
158 185 217 249 186
445 198 478 245 s.
498 196 528 245 o.
545 175 642 245 obtat
660 195 852 244 uuntctnnn

156 355 192 415 de
212 355 246 414 iis
266 371 339 433 quae
361 353 389 412 iu
410 351 564 430 quamlibet
589 357 698 429 partem
719 351 854 431 corporis
876 348 1020 417 incidunt;
1044 356 1102 406 tum
1116 346 1148 406 de

155 441 190 498 iia
206 455 280 516 quae
296 445 391 497 certas
408 447 505 514 partes
517 435 664 495 infestant.
688 434 825 514 Incipiam
842 451 857 493 a
876 432 1057 492 vulneribus.

220 525 248 583 1.
275 521 307 581 ln
327 521 371 580 bia
394 529 486 580 autem
510 527 576 579 ante
599 521 692 578 omnia
708 521 786 578 scire
804 517 933 577 medicus
949 515 1057 591 debet,
1081 532 1147 592 qnae

157 605 325 666 insanabilia
347 606 419 679 sint,
439 621 514 681 quae
537 601 685 662 diiiioilem
710 603 886 662 curationem
906 599 1056 674 habeant,
1080 617 1148 676 qaae

157 691 354 768 promtiorem.
387 687 441 748 Est
456 687 530 746 enim
546 685 694 765 prudentis
710 685 846 762 bominis,
862 685 984 763 primum
1000 701 1090 759 eum,
1107 684 1163 760 qnia

157 775 268 833 servari
289 789 345 832 non
362 779 476 850 potest,
499 787 556 829 una
572 771 731 846 attingere,
752 786 810 828 neu
825 768 923 828 subire
938 769 1075 846 speciem
1091 769 1148 840 eius

60 881 61 886 ¹
156 866 187 917 ut
207 859 314 933 occisi,
339 872 423 933 quem
445 870 510 913 sora
530 853 620 931 ipsius
642 853 785 913 interemit
809 851 910 931 (llipp.
927 850 976 911 De
991 857 1066 910 crte
1083 850 1147 926 13J:

157 940 277 1017 deinde,
301 939 349 999 ubi
363 940 462 1015 gravia
478 945 570 997 metus
585 939 648 996 siue
664 945 744 996 certa
760 945 854 997 tamen
873 935 1085 1012 desperatione
1100 943 1148 1007 eat,

157 1023 283 1084 indicare
299 1020 475 1082 necessariis
494 1020 684 1100 periclitantis
704 1021 733 1079 in
749 1020 950 1097 difficilispem
962 1035 1050 1084 esse;
1069 1017 1149 1092 ue,si

157 1109 234 1166 uicta
248 1123 296 1166 ars
312 1104 388 1164 malo
403 1105 503 1178 luerit,
527 1103 573 1164 vel
590 1105 758 1181 ignorasse,
782 1103 830 1163 vel
846 1101 992 1162 ieiellisse
1010 1100 1171 1160 videaturne

158 1188 215 1250 Sed
240 1199 268 1248 ut
289 1187 362 1248 baec
379 1187 510 1266 prudenti
531 1190 595 1247 viro
615 1188 804 1264 conveniunt,
828 1189 870 1246 sic
885 1204 987 1246 munus
1003 1185 1149 1244 histrionis

159 1281 356 1351 est,=parvam
376 1289 436 1330 rem
458 1271 610 1346 attollere,
636 1289 693 1349 quo
716 1272 780 1350 plus
803 1270 986 1350 praestitisse
1009 1269 1148 1328 videatur.

158 1354 346 1434 Obligarique
361 1371 482 1432 aequum
504 1365 549 1415 est
570 1356 754 1416 confessione
777 1362 907 1432 prorutae
931 1354 993 1428 rei,
1020 1369 1084 1430 quc
1106 1369 1149 1410 cu

157 1439 264 1500 rioaius
285 1441 369 1499 etiam
389 1440 616 1517 circumspiciat,
642 1457 695 1514 ne,
719 1437 795 1518 quod
817 1455 923 1516 perse
945 1439 1088 1513 exiguum
1102 1443 1149 1510 est,

158 1524 249 1600 majus
266 1524 391 1584 curantis
407 1523 584 1600 negligentia
602 1522 660 1582 liat.
1155 1536 1171 1576 n

221 1608 250 1667 2.
279 1607 396 1666 Seruari
416 1623 472 1665 non
493 1615 606 1686 potest,
619 1607 675 1666 ‘cui
696 1605 774 1666 basis
794 1603 925 1680 cerebri,
948 1603 995 1664 oui
1013 1619 1087 1678 cor,
1108 1602 1149 1661 cui

151 1690 340 1766 stomachus,
367 1693 412 1750 cui
429 1691 571 1766 Jecinoris
592 1698 710 1768 portae,
736 1691 781 1750 cui
799 1691 827 1748 in
843 1691 926 1768 spina
942 1686 1074 1746 medulla
1090 1703 1148 1765 per·

159 1792 244 1834 cussa
260 1783 319 1842 est;
338 1775 419 1834 cuive
434 1783 481 1834 aut
497 1773 592 1853 pulmo
610 1773 736 1851 medius,
755 1781 802 1834 aut
811 1774 958 1848 J'cJuuuur,
974 1779 1025 1830 aut
1037 1771 1149 1830 tenuius

158 1858 337 1934 intestinum,
358 1866 406 1918 aut
425 1857 617 1933 ventriculus,
641 1867 689 1919 aut
703 1875 790 1918 renea
806 1854 949 1916 vulnerati
964 1863 1047 1920 aunt;
1070 1855 1148 1914 cuive

158 1943 237 2001 circa
263 1941 362 2001 lauces
386 1941 512 2018 grandes
536 1959 650 2016 venae,
684 1941 731 2001 rel
757 1941 881 2002 arteriae
907 1939 1065 2019 praecisae
1089 1945 1171 2002 sunta

158 2025 214 2101 (cl.
231 2021 375 2104 Apum,
395 2027 432 2088 18
450 2033 479 2085 et
493 2025 547 2094 233
568 2023 661 2085 Couc.
677 2025 767 2104 499).

220 2107 249 2168 3.
272 2111 330 2169 Vix
345 2117 437 2169 autem
453 2109 488 2168 ad
503 2110 650 2168 sanitatem
669 2109 854 2186 perveniunt,
869 2106 972 2186 quibus
990 2105 1050 2164 ulla
1072 2113 1149 2185 parte

158 2203 206 2254 aut
221 2193 332 2272 pulmo,
354 2201 402 2253 aut
411 2193 552 2269 jecinoris
569 2209 714 2267 crassum,
731 2201 778 2251 aut
793 2191 973 2265 membrana,
990 2207 1071 2268 quae
1088 2207 1149 2248 con·

134 2310 136 2314 ·
157 2280 227 2337 tinet
244 2276 407 2353 cerebrum,
433 2285 480 2336 aut
494 2275 592 2350 lienis,
616 2284 663 2334 aut
678 2276 778 2351 vulva,
802 2285 850 2334 aut
866 2276 983 2348 vesica,
1001 2281 1052 2332 aut
1066 2272 1149 2332 ullum

158 2362 335 2437 intestinum,
358 2368 406 2420 aut
419 2368 531 2438 septum
547 2367 741 2419 transversum
757 2359 935 2418 vulneratum
948 2365 1003 2416 est.
1041 2355 1067 2415 li
1084 2374 1171 2435 quoa

158 2445 260 2521 quein
276 2445 427 2524 praecipiti
445 2452 526 2518 sunt,
549 2443 578 2501 iu
595 2441 697 2519 quibus
712 2460 804 2520 usqua
820 2443 855 2503 ad
870 2440 997 2520 grandes
1014 2443 1158 2517 intusque*

160 2525 293 2586 conditas.
309 2544 400 2585 venas
422 2529 450 2586 in
464 2527 532 2601 alis,
556 2525 602 2585 vel
622 2525 781 2604 poplitibus
794 2543 893 2585 mucro
907 2523 1031 2585 desedit.
1074 2523 1148 2584 Peri·

24 2671 36 2688 .
159 2608 258 2668 culosa
281 2611 365 2668 etiam
387 2610 503 2669 vulnera
525 2619 603 2685 sunt,
624 2609 796 2688 ubicumque
817 2627 908 2670 venue
924 2609 1055 2685 majmes
1077 2615 1148 2693 sunt,

159 2692 290 2771 quoniam
311 2691 462 2751 exhaurire
482 2692 624 2754 bominem
647 2694 816 2772 prolusione
837 2693 986 2770 sauguinis
1010 2700 1147 2769 possunt:

158 2776 243 2856 idque
266 2777 362 2836 evenit
386 2793 443 2835 nou
464 2775 491 2834 in
507 2778 560 2838 alis
575 2787 680 2839 tanturn
696 2786 781 2856 atque
797 2776 972 2856 poplitibus,
992 2775 1048 2834 sed
1065 2776 1170 2836 estana

158 2863 186 2922 in
203 2863 237 2920 iia
253 2862 333 2921 venis
351 2875 424 2938 quae
441 2860 475 2920 ad
489 2879 573 2924 anum
590 2861 798 2939 testiculosque
813 2861 994 2943 perveniunt.
1029 2857 1148 2918 Praeter

156 2945 231 3010 isaeo
248 2945 350 3006 malum
368 2944 470 3005 vulnus
488 2955 546 3023 est,
569 2946 767 3023 quodcumque
782 2949 810 3006 in
827 2945 902 3021 alis,
919 2943 967 3003 vel
983 2942 1147 3017 leminibus,

159 3028 206 3088 vel
231 3030 360 3090 inanibus
382 3029 472 3105 loeis,
498 3029 545 3089 vel
566 3031 602 3088 in·
617 3028 760 3104 articulis,
788 3027 835 3088 vel
856 3030 932 3088 inter
949 3027 1066 3103 digitus
1089 3034 1146 3086 est:

158 3111 225 3169 item
239 3113 439 3192 quodcumque
459 3112 633 3188 musculum,
652 3123 700 3172 aut
714 3130 849 3187 nervum,
866 3120 912 3172 aut
928 3110 1084 3184 arteriam,
1103 3101 1146 3168 aut

158 3193 364 3270 membranam,
387 3207 433 3256 aut
448 3215 501 3273 os,
524 3205 571 3256 aut
586 3197 784 3274 cartilaginem
800 3195 885 3254 laesit
902 3193 999 3272 (Aple.
1014 3192 1072 3269 Vl,
1093 3193 1169 3258 liza

159 3274 253 3337 Coae.
270 3278 359 3355 494).
396 3279 576 3343 Tutissimum
592 3282 731 3354 omnium,
754 3278 830 3356 quod
845 3279 873 3337 in
890 3295 978 3338 carue
994 3285 1056 3336 est.⁴

219 3363 249 3422 4.
278 3360 315 3422 itt
337 3361 410 3423 haec
430 3363 544 3441 quidem
566 3362 634 3424 loco
657 3363 705 3423 vel
728 3363 845 3440 pejora,
871 3360 919 3420 rel
934 3361 1056 3420 meliora
1072 3366 1141 3419 sunt.

157 3443 244 3506 blodo
259 3461 330 3506 vcro
347 3446 505 3524 periculum
520 3447 590 3506 lacit
605 3447 806 3524 quodcumque
821 3462 955 3520 magnum
970 3453 1026 3504 est.
