2372 3892
275 193 281 226 ι
351 175 673 242 ·n1n.v1.cn1>.'x.
856 185 860 194 ’
984 181 1044 244 247

38 342 259 420 Menemacbi,
273 343 395 404 maxime
412 345 446 404 ad
462 343 627 406 maxillares
644 346 759 416 dentem
782 348 810 406 in
825 364 879 425 qua
892 357 955 408 sunt
968 351 1046 408 croci

41 447 82 507 p.
101 431 165 508 )·(.
182 441 205 486 1.
222 427 409 504 cardamomi,
435 429 506 489 turis
521 429 659 508 loliginis,
672 431 807 490 *ficorum
822 439 936 510 partes,
960 450 1045 510 pyre-

38 513 131 590 thri,
156 511 333 588 singulorum
356 531 385 591 p.
409 513 465 590 )·(.
488 525 533 572 tv.
557 515 666 591 sinapis
691 533 719 592 p.
737 515 792 592 )·(.
814 528 888 574 v111.
926 513 1046 588 Quidam

40 605 155 656 autem
167 597 287 655 miscent
299 595 435 674 pyrethri,
451 597 571 674 piperis,
579 593 710 673 ‘'elaterli,
725 597 900 673 singulorum
913 615 941 675 p.
955 599 1010 676 )·(.
1022 613 1044 658 1.

10 699 29 737 s
43 680 191 740 aluminis
214 679 350 755 scissilis,
371 680 525 757 papaveris
546 679 696 758 lacrimae,
722 699 795 740 uvae
816 681 964 757 taminiae,
989 682 1045 740 sul·

43 763 160 843 pharis
176 764 271 839 ignem
288 781 345 822 uon
360 763 488 840 experti,
510 762 668 839 bituminis,
691 765 763 824 lauri
777 764 949 840 baccarum,
971 765 1044 824 sina·

43 849 120 928 pis,
144 847 320 922 singulorum
341 863 369 926 p.
386 846 441 924 )-(.
457 859 493 906 11.
530 847 614 921 Quod
636 848 660 906 si
676 848 761 910 dolor
775 848 859 906 eximi
876 866 939 906 eum
955 851 1045 924 cogit,

47 940 87 992 et
110 931 223 1010 piperis
245 947 343 990 semen
365 931 477 990 cortice
495 929 661 1005 liberatum,
685 941 714 990 et
734 930 835 990 eodem
854 932 940 991 modo
956 931 1046 992 bacca

46 1015 188 1078 hederae
211 1015 343 1090 conjecta
364 1014 392 1072 in
415 1013 445 1073 id
465 1013 595 1076 foramen
622 1015 735 1074 dentem
761 1015 855 1092 findit,
886 1016 968 1094 isque
994 1033 1047 1093 per

2 1079 151 1158 retestas
179 1097 299 1157 excidit:
340 1104 368 1156 et
392 1096 470 1175 plani
494 1099 605 1176 piscis,
636 1115 718 1176 qnam
745 1101 919 1176 pastinacam
944 1100 1046 1173 nostri,

47 1175 210 1261 τρυγόνα
236 1180 340 1242 Graeci
355 1188 477 1257 uocant,
500 1181 619 1242 aculeus
637 1191 779 1258 torretur,
804 1182 907 1264 deinde
924 1182 1046 1241 conteri·

46 1275 122 1340 tur,
137 1267 292 1342 resinaque
307 1266 465 1343 excipitur,
481 1282 556 1342 quae
572 1263 648 1325 denti
665 1265 838 1325 circumdata
854 1266 928 1325 hunc
944 1265 1046 1334 solvlt;

49 1358 85 1409 et
101 1349 217 1408 alumen
230 1347 345 1407 scissile
360 1349 388 1406 ln
397 1347 429 1414 jd
445 1348 574 1408 loramen
586 1351 749 1426 conjectum
762 1349 875 1409 dentem
889 1351 966 1408 citat.
989 1347 1048 1407 Sed

52 1432 88 1492 id
110 1441 206 1492 tamen
226 1431 382 1491 involutum
396 1430 492 1490 lanula
510 1431 618 1491 demitti
634 1432 811 1491 commodius
827 1441 887 1507 est,
913 1433 978 1510 quia
994 1433 1047 1508 sic,

6 1539 37 1582 rs
53 1516 147 1576 dente
163 1523 296 1590 servato,
313 1514 443 1574 dolorem
459 1514 545 1576 levat.
576 1514 655 1574 Haeo
672 1533 687 1574 a
702 1515 820 1575 medicis
836 1524 958 1594 accepta
974 1523 1047 1573 sunt.

52 1599 119 1659 Sed
137 1599 292 1675 agrestium
307 1600 505 1678 experimento
525 1601 670 1676 cognitum
684 1608 744 1676 est,
770 1617 854 1675 quum
869 1598 940 1658 dens
957 1595 1047 1672 dolet,

51 1682 179 1742 herbam
200 1690 384 1742 mentastrum
408 1699 471 1742 cnm
493 1683 552 1742 suis
566 1681 709 1742 radicibus
727 1682 813 1742 evelli
828 1681 953 1757 debere,
978 1682 1049 1741 etin

53 1765 176 1844 pelvem
195 1767 316 1841 conjici,
338 1782 483 1843 supraque
499 1783 601 1843 aquam
616 1765 740 1841 iulundi,
758 1766 957 1843 collocarique
969 1766 1049 1840 juxta

53 1848 208 1908 sedentem
225 1849 367 1908 hominem
383 1849 506 1926 undique
520 1858 603 1909 veste
620 1858 795 1918 contectum
818 1859 875 1908 tum
890 1851 918 1908 in
934 1847 1048 1926 pelvem

9 1951 42 1998 ιο
56 1931 216 1994 candentes
231 1933 329 1992 silices
346 1933 454 1992 demitti
470 1934 527 2010 sic,
551 1942 581 1992 ut
596 1950 669 2011 aqua
685 1942 832 2010 tegantur,
848 1932 1048 2010 hominemque

55 2034 126 2076 eum
142 2015 236 2076 hiante
252 2034 303 2076 ore
318 2033 455 2093 vaporem
471 2018 621 2094 excipere,
639 2015 766 2094 utsupra
779 2017 883 2076 dictum
897 2025 951 2091 est,
968 2015 1045 2074 undi-

55 2117 118 2178 que
138 2099 287 2159 inclusum.
321 2097 392 2159 Nam
413 2107 442 2158 et
461 2101 549 2160 sudor
569 2100 706 2178 plurimus
726 2102 871 2176 sequitur,
894 2107 923 2158 et
944 2116 998 2177 per
1012 2115 1046 2156 os

57 2185 211 2244 continens
229 2184 330 2262 pituita
344 2182 441 2242 dellult
457 2183 511 2260 (cl.
526 2182 577 2259 lv,
595 2187 633 2258 4,
652 2183 700 2260 1);
723 2183 809 2260 idque
826 2200 916 2260 saepe
932 2182 1044 2257 longio-

56 2285 139 2343 rem,
155 2275 269 2347 semper
287 2285 405 2328 annuam
419 2266 611 2326 valetudinem
628 2265 732 2325 bonam
749 2275 887 2344 praestat.

21 2529 49 2568 as
427 2505 610 2566 CAPUT
639 2505 680 2563 X.

279 2595 287 2688 Ι,
336 2625 373 2674 De
390 2623 547 2674 tonsillarum
562 2623 766 2672 inflammatione¹

121 2775 151 2833 st
172 2792 241 2835 vero
263 2775 397 2835 tonsillae
415 2777 476 2834 sine
495 2774 711 2834 exulceratione
729 2790 781 2850 per
798 2771 1046 2830 inflammationem

59 2862 266 2943 intumuerunt,
289 2863 378 2937 caput'
393 2859 543 2918 velandum
564 2868 623 2926 est;
648 2858 827 2916 extrinsecus
850 2857 874 2911 is
896 2853 978 2912 locus
998 2871 1045 2911 va·

60 2959 134 3021 pore
156 2943 248 3003 calido
270 2942 425 3011 fovendum
455 2942 542 3002 multa
563 2936 764 3001 ambulatione
779 2936 910 2997 utendum
918 2959 925 3004 ;
960 2943 1047 3013 caput

22 3046 50 3088 ao
61 3029 90 3086 in
101 3025 176 3085 lecto
189 3025 310 3086 sublime
322 3026 496 3094 babendum;
513 3021 804 3102 gargarizandumque
813 3018 1044 3102 reprimentibus.

59 3109 161 3170 Radix
175 3111 290 3188 quoque
313 3129 364 3186 ea,
391 3127 474 3188 quam
497 3109 609 3169 dulcem
633 3105 796 3184 appellant,
826 3112 954 3163 contusa.
969 3112 997 3162 et
1018 3103 1045 3162 in

62 3210 148 3272 passo
162 3195 294 3256 mulsove
312 3193 434 3254 decocta
446 3192 519 3252 idem
532 3200 669 3271 praestat.
690 3189 863 3265 Leniterque
877 3186 1045 3265 quibusdam

48 3275 273 3338 ‘medicamentis
296 3296 345 3337 eas
367 3277 438 3336 illini
461 3293 518 3335 non
539 3276 661 3335 alienum
687 3280 744 3342 est;
775 3291 848 3351 quae
875 3272 931 3332 boo
959 3266 1045 3330 modo
1122 3345 1124 3350 Α

60 3363 138 3424 liunt.
169 3361 215 3420 Ex
229 3361 304 3420 malo
320 3363 426 3440 punico
442 3359 518 3419 dulci
532 3375 637 3418 succus
653 3358 838 3434 exprimitur,
857 3365 885 3415 et
899 3357 962 3430 ejus
978 3371 1044 3412 sex·

22 3446 147 3514 asterius
162 3445 220 3506 leni
234 3447 302 3523 igne
318 3447 465 3524 coquitur,
482 3443 575 3504 donec
591 3443 617 3501 ei
631 3441 723 3502 mellis
742 3439 901 3500 o'rassltudo
918 3440 967 3505 sit;
982 3445 1044 3494 tum
