2372 3892
171 155 233 218 too
471 176 504 224 s.
523 175 552 224 o.
570 175 668 227 censs
684 179 877 231 nnnromsn

525 331 711 396 CAPUT
743 337 819 398 111.

367 427 403 477 De
418 429 504 490 bouis,
524 433 628 482 malisve
647 435 729 500 signis
745 441 968 502 suppurationum.

232 530 366 594 Protinus
381 545 474 596 autem
490 549 624 618 quantum
641 546 751 604 curatio
765 545 889 623 elliciat,
906 559 1106 632 quantumque
1122 563 1153 614 eut

167 620 281 693 sperari
294 627 342 676 aut
355 620 447 680 timeri
458 621 572 700 debeat,
585 643 623 684 ex
634 625 801 705 quibusdam
816 633 909 708 signis
922 635 1056 712 intelligi
1069 647 1153 716 potet

166 699 288 778 fereque
305 701 418 779 iisdem,
435 723 508 784 quae
531 708 557 766 in
572 709 740 772 vulneribus
758 716 891 792 exposita
907 727 975 777 sunt
991 721 1053 798 (ci.
1071 721 1105 800 V,
1118 721 1162 792 tls

166 781 186 842 2
202 787 295 862 sqq).
312 783 384 845 Nam
397 785 471 848 bona
484 791 638 867 signasunt
649 812 777 856 somnum
793 817 916 876 capere;
933 801 1030 862 facile
1040 807 1150 883 spirare:

166 869 213 928 siti
228 885 285 928 non
302 871 419 940 coniici;
437 872 531 934 cibum
545 894 603 936 non
620 878 759 957 fastidire,
775 884 798 942 si
813 881 961 944 febricula
977 887 1053 966 luit,
1073 907 1106 950 ea
1118 908 1149 948 rr·

166 967 250 1018 care;
263 952 388 1030 itemque
400 953 509 1016 babere
520 977 574 1036 pus
586 961 691 1040 album,
699 963 793 1042 laeve,
802 985 857 1026 non
869 967 951 1028 foedi
962 969 1068 1032 odoris
1075 971 1148 1052 (Apl.

165 1032 231 1109 Vll,
249 1036 317 1112 44).
340 1036 415 1098 blala
442 1049 506 1102 sunl
518 1043 628 1122 vigilia,
641 1047 758 1126 spiritus
770 1052 910 1126 gravitas,
926 1055 1003 1132 sitis,
1021 1055 1079 1114 cibi
1091 1057 1149 1118 taso

164 1114 249 1189 dium,
266 1115 372 1195 lebris,
395 1127 592 1202 pasitigrim,
608 1130 878 1210 autloeculentum,
901 1148 929 1198 et
949 1137 1036 1198 foedi
1054 1139 1164 1204 odorico

162 1199 230 1258 item
244 1202 422 1276 procedente
435 1211 582 1270 curatione
595 1215 709 1294 eruptio
725 1219 884 1294 sangoinis;
902 1231 962 1298 ent,
976 1224 1001 1281 si
1014 1234 1147 1303 anteqnan

162 1280 241 1340 sinus
261 1301 348 1344 carne
364 1286 532 1368 impleatur,
549 1313 620 1356 orae
636 1315 776 1360 carnosae
796 1304 878 1380 luunt,
895 1305 946 1364 illa
966 1325 1088 1387 quoqne
1101 1313 1147 1388 iper

162 1381 249 1425 carne
270 1366 394 1447 hebete,
416 1391 472 1434 nec
495 1375 585 1439 firma.
620 1379 754 1442 Delicere
778 1394 871 1446 tamen
894 1390 1040 1470 animam,
1068 1394 1146 1454 velis

160 1447 224 1527 ipsa
240 1453 404 1530 curatione,
422 1458 468 1517 vel
481 1471 582 1536 postea
595 1467 748 1542 pessimum
762 1471 885 1530 omnium
900 1483 956 1532 est.
988 1476 1069 1549 Quin
1081 1479 1146 1538 etiuu

160 1533 278 1592 morbus
296 1536 375 1615 ipse,
391 1541 455 1608 sive
470 1543 564 1605 subito
581 1548 692 1610 solutus
708 1561 769 1627 est,
785 1552 851 1612 dein
866 1561 1045 1636 suppuratio
1062 1571 1161 1621 eronrt

160 1623 219 1684 est;
243 1617 305 1677 sive
328 1621 421 1682 elluso
444 1643 514 1702 pure
539 1644 701 1710 permanet,
724 1653 780 1695 non
796 1639 901 1713 injuste
916 1650 1023 1703 terret.
1051 1645 1143 1724 Estque

158 1698 231 1756 inter
249 1718 351 1762 caussas
368 1708 492 1786 timoris,
509 1713 534 1770 si
552 1731 654 1774 sensns
669 1719 696 1776 in
713 1719 832 1782 vulnere
848 1723 1015 1786 rodentium
1031 1748 1089 1790 non
1105 1739 1144 1789 est.

158 1779 216 1838 Sed
240 1791 269 1840 ut
296 1784 368 1846 haec
391 1791 453 1868 ipsa
470 1793 583 1856 lortuna
606 1799 662 1859 lruc
680 1801 787 1863 illucve
807 1805 962 1884 discernit,
988 1813 1034 1870 sic
1059 1815 1143 1874 medici

157 1864 279 1940 partium
295 1879 339 1928 est
354 1875 423 1933 eniti
439 1875 474 1936 ad
490 1881 691 1956 reperiendam
714 1890 862 1950 sanitatem
879 1891 934 1969 (cl.
950 1893 989 1968 V,
1012 1896 1073 1969 26,
1092 1899 1143 1976 to).

131 1978 134 1989 ι
155 1943 236 2021 Ergo
246 1953 360 2026 quoties
373 1956 453 2018 ulcus
466 1962 629 2042 resolverit,
644 1967 742 2028 eluere
754 1971 794 2048 id,
803 1975 827 2032 si
838 1977 1046 2054 reprimendus
1060 1982 1161 2042 humort

157 2028 309 2111 videbitur,
323 2039 389 2098 vino
404 2059 441 2100 ex
455 2061 528 2120 aqua
543 2047 682 2124 pluviatili
697 2055 797 2131 mixto,
811 2059 858 2118 vel
873 2077 957 2138 aqua,
974 2063 1006 2122 in
1024 2084 1083 2144 qua
1097 2067 1141 2125 len·

154 2113 241 2176 ticula
254 2128 337 2179 cocta
349 2123 396 2198 sit,
409 2124 541 2196 debebit;
561 2134 584 2190 si
597 2137 773 2211 purgandum
787 2141 851 2218 erit,
865 2145 959 2204 mulso
969 2169 986 2226 ;Ι
996 2167 1140 2228 rursusque

152 2197 301 2275 imponere
313 2205 424 2266 eadem.
442 2209 495 2270 Ubi
503 2214 562 2288 jam
572 2233 725 2296 repressus
736 2223 877 2284 videbitur
886 2226 1004 2305 humor,
1014 2233 1139 2312 ulcusque

69 2329 70 2333 ,
152 2298 251 2359 purum
269 2287 335 2362 erit,
349 2291 470 2367 produci
487 2313 600 2358 carnem
616 2308 780 2382 conveniet,
792 2318 820 2368 et
832 2309 926 2379 foveri
940 2317 1006 2390 pari
1020 2320 1140 2394 portione

118 2375 120 2378 ·
151 2365 208 2459 vini
230 2385 264 2426 ac
285 2371 394 2448 mellis,
421 2395 565 2457 superque
580 2385 687 2462 imponi
707 2393 858 2468 spongiam
882 2413 919 2454 ex
942 2397 1013 2458 vino
1037 2412 1068 2462 et
1088 2407 1156 2461 rost⁵

150 2453 276 2508 tinctam.
298 2452 353 2512 Per
366 2474 440 2532 quae
455 2479 540 2538 quum
553 2483 620 2526 caro
635 2471 818 2551 producatur,
834 2477 898 2554 plus
913 2488 1023 2560 tamen,
1041 2496 1072 2545 nt
1083 2487 1139 2546 alies

150 2544 265 2606 quoque
288 2535 344 2594 dixi
367 2540 420 2615 (ci.
438 2543 472 2616 V,
486 2545 538 2624 26,
554 2549 622 2628 34),
642 2555 734 2614 victus
750 2559 823 2618 ratio
841 2571 876 2621 eo
894 2565 1030 2638 confere
1055 2571 1139 2642 idest,

133 2609 251 2676 ¹solutis
260 2616 318 2688 jam
331 2619 460 2683 febribus
474 2638 502 2686 et
513 2633 569 2692 cibi
583 2636 737 2713 cupiditate
748 2642 874 2721 reddita,
887 2645 1027 2710 balneum
1040 2672 1138 2718 rarum

141 2695 320 2774 quotidiana,
330 2702 380 2762 sed
390 2705 605 2786 lenisgestatio;
620 2720 1138 2808 cibipotionesquecorporilaciendo

147 2787 241 2856 aptae.
279 2783 359 2860 Quae
377 2794 485 2870 omnia,
507 2815 559 2874 per
577 2803 782 2867 medicamenta
799 2829 915 2890 qnoque
934 2824 1157 2895 suppurationes

145 2873 245 2943 rupta,
261 2869 434 2948 sequuntur:
451 2877 518 2956 sed,
539 2887 604 2960 qnia
624 2906 727 2966 magno
744 2894 820 2953 malo
839 2898 888 2956 vix
903 2898 967 2960 sine
988 2902 1074 2964 ferro
1088 2922 1135 2964 me·

146 2941 207 3006 deri
221 2949 307 3032 licet,
323 2957 351 3016 in
366 2956 441 3020 bunc
459 2962 552 3024 locutu
569 2983 717 3034 reservata
732 2987 807 3038 sunt.

499 3125 681 3202 claun
714 3145 778 3208 1v.

562 3235 598 3286 De
617 3239 716 3292 fistulis.

208 3306 234 3363 1.
248 3307 396 3376 Adversus
414 3323 657 3411 fistulasquoque,
673 3339 697 3396 si
707 3339 791 3401 altius
808 3319 1009 3426 penetrent,nt
1021 3354 1056 3412 ad
1073 3353 1150 3413 ulti-o

142 3403 201 3448 mas
217 3389 324 3456 demitti
340 3401 490 3478 collyrium
505 3413 561 3473 non
578 3422 684 3498 possit,
707 3424 732 3480 si
753 3433 901 3490 tortuosae
922 3443 1003 3511 sunt,
1025 3438 1050 3494 si
1065 3436 1124 3496 mul·
