2444 3904
450 216 483 263 A.
500 215 530 264 C.
547 214 851 264 oecumenicorum

517 438 698 500 CAPUT
726 438 792 501 VI.

525 551 562 602 De
576 550 676 603 indiciis
691 553 787 601 mortis.

224 703 283 764 Sed
305 702 379 762 inter
403 699 477 764 haec
502 701 633 780 quidem,
662 702 814 781 proposito
841 711 933 778 metu,
965 710 1156 781 spectamen
1215 691 1219 734 ³

161 795 304 866 superest
343 779 389 848 Ad
412 786 508 848 ultima
528 802 599 846 vero
616 787 677 861 jnm
692 795 807 846 ventum
822 803 889 846 esse
909 794 1053 846 testantur
1067 802 1155 846 nares

160 880 274 947 acutae,
286 871 416 968 collapsa
425 879 565 947 tempora,
578 870 655 930 oculi
664 871 795 944 concavi,
808 870 931 947 frigidae
942 869 1178 968 languidaeqnes

159 972 263 1030 aures,
287 963 317 1014 et
337 954 400 1012 imis
422 952 550 1031 partibus
571 953 675 1014 leniter
695 971 817 1029 versae,
840 954 914 1012 cutis
932 954 1010 1013 circa
1029 953 1157 1013 frontem

159 1037 230 1099 dura
249 1043 279 1096 et
301 1037 425 1112 intenta,
448 1036 593 1098 colorant
609 1038 693 1114 niger
715 1045 764 1098 aut
784 1035 979 1115 perpallidus;
1004 1035 1156 1114 multoque

121 1183 130 1208 0
157 1120 260 1197 magis,
276 1120 301 1180 si
316 1119 446 1180 itarhaec
460 1128 534 1196 sunt,
550 1129 581 1180 ut
595 1138 690 1198 neque
704 1120 802 1198 vigilia
819 1122 1033 1198 praecesserit,
1058 1138 1156 1198 neque
1218 1135 1219 1174 ι

65 1243 69 1254 .
158 1205 267 1263 ventris
291 1203 448 1278 resolutio,
469 1201 689 1282 neque'inedia.
721 1203 767 1264 Ex
782 1203 885 1283 quibus
901 1205 996 1264 causis
1011 1203 1156 1264 interdum
1218 1255 1219 1280 ,

157 1287 232 1346 haec
248 1287 365 1365 species
378 1289 478 1362 oritur,
490 1288 544 1348 sed
557 1306 613 1348 uno
625 1288 672 1347 die
683 1287 790 1348 linitur:
807 1290 905 1366 itaque
917 1287 1020 1347 diutius
1035 1289 1154 1362 durans,
1167 1299 1188 1338 1⁰
1217 1289 1219 1342 i

156 1372 257 1430 mortis
271 1370 358 1430 index
372 1379 417 1430 est
433 1370 561 1450 (Propo.
580 1371 601 1447 δ
616 1371 663 1448 2).
687 1371 717 1431 Si
736 1388 807 1431 vero
826 1373 855 1430 in
866 1370 967 1431 morbo
976 1381 1079 1431 vetere
1094 1372 1156 1447 jam

156 1455 251 1514 triduo
271 1453 337 1514 talis
352 1463 413 1530 est,
436 1455 464 1514 in
481 1457 644 1534 propinquo
665 1471 744 1514 mors
764 1464 823 1522 est:
849 1455 999 1534 magisque
1021 1456 1054 1530 si,
1069 1473 1155 1534 prae·

157 1546 202 1596 ter
229 1537 319 1614 baec,
355 1538 433 1597 oculi
463 1557 579 1618 quoque
605 1539 700 1598 lumen
729 1539 890 1615 refugiunt,
918 1547 947 1597 et
968 1538 1155 1604 illacrimant;

157 1637 293 1700 quaeque
309 1622 387 1680 iniis
403 1621 469 1683 alba
484 1641 550 1683 esse
565 1622 688 1699 debent,
709 1622 881 1690 rubescuut;
902 1630 987 1700 atque
1008 1623 1037 1681 in
1051 1623 1155 1682 iisdem

155 1702 281 1764 venulae
298 1705 421 1784 pallent;
442 1707 600 1786 pituitaque
615 1707 642 1765 in
658 1708 693 1766 iis
707 1707 853 1780 innatans,
868 1706 1025 1764 novissime
1038 1707 1153 1782 angulis
1165 1715 1186 1754 1⁵

156 1788 349 1858 inhaerescit,
367 1789 499 1932 alterque
515 1807 553 1849 ex
569 1790 614 1849 his
632 1791 725 1849 minor
742 1798 802 1857 est;
818 1789 896 1866 iique
908 1791 1156 1849 autvehementer

156 1869 361 1947 subsederunt,
380 1882 428 1934 aut
442 1873 512 1932 facti
527 1875 694 1934 tumidiores
711 1881 776 1932 sunt
789 1870 916 1970 (Propo.
937 1873 1024 1950 §2);
1039 1891 1155 1951 perque

156 1971 286 2014 somnum
326 1955 465 2034 alpebrae
480 1974 537 2016 non
551 1957 777 2030 committuntur,
801 1956 855 2016 sed
876 1957 950 2016 inter
963 1957 1015 2016 has
1032 1974 1070 2016 ex
1084 1957 1154 2016 elbo

156 2040 279 2099 oculoru
348 2038 436 2119 liquid
460 2049 596 2118 apparet,
624 2058 719 2119 neque
740 2041 769 2101 id
790 2041 881 2100 llnens
904 2040 985 2100 alvus
1007 2041 1156 2119 expressit

156 2124 212 2202 (nt
228 2121 308 2202 Aple.
326 2123 381 2198 Vl,
400 2123 457 2196 52;
474 2123 585 2204 Propo.
606 2124 692 2201 §2);
715 2125 893 2202 eaedemque
914 2123 1072 2202 palpebrae
1093 2125 1154 2203 pal
1144 2137 1185 2176 -to

156 2207 233 2284 lent,
262 2216 290 2267 et
315 2207 391 2268 idem
413 2207 507 2286 pallor
532 2208 613 2269 labra
632 2220 660 2269 et
682 2227 766 2269 nares
796 2207 959 2276 decolorat;
992 2208 1156 2286 eademque

157 2291 254 2368 labra,
277 2301 307 2352 et
329 2309 432 2367 nares,
455 2292 600 2372 oculique,
618 2302 648 2352 et
664 2293 832 2371 palpebrae,
850 2300 880 2350 et
902 2291 1078 2368 supercilia,
1101 2293 1154 2351 nli·

156 2393 250 2453 quave
268 2393 305 2438 cx
325 2375 370 2435 bis
385 2384 601 2453 pervertuntur;
623 2377 706 2455 isque
720 2384 841 2453 propter
856 2373 1081 2435 imbecillitatem
1091 2377 1155 2450 jam

155 2476 212 2517 non
228 2459 321 2535 audit,
338 2465 386 2519 aut
402 2477 459 2519 non
470 2459 549 2518 videt
564 2458 658 2538 (Aple.
672 2459 732 2533 lv,
750 2457 805 2523 493
826 2455 919 2518 Coeo.
938 2458 1005 2537 72).
1043 2459 1156 2519 Eadem
1216 2463 1217 2474 ¹

155 2559 234 2600 mors
246 2540 441 2618 denuntiatur,
456 2542 505 2600 ubi
519 2559 610 2618 aeger
621 2543 740 2620 supinus
754 2540 855 2618 cubat,
872 2543 957 2618 eique
974 2560 1068 2619 genua
1084 2559 1154 2602 con·
1164 2561 1187 2600 ee
1215 2557 1216 2564 ¹

155 2633 248 2682 tracte
275 2629 355 2682 sunt:
382 2624 430 2681 ubi
453 2621 588 2682 deorsum
608 2622 643 2681 ad
662 2623 752 2700 pedes
782 2623 903 2684 subinde
918 2624 1075 2694 delabitur;
1105 2627 1156 2686 uhi

155 2705 273 2766 brachia
295 2714 325 2766 et
346 2724 428 2767 crura
449 2705 552 2784 nudat,
576 2714 606 2766 et
622 2705 810 2785 inaequaliter
823 2706 978 2788 dispergit,
1000 2727 1095 2788 neque
1121 2712 1155 2770 iis
1214 2757 1215 2786 ,

156 2790 238 2850 calor
252 2789 366 2859 subest;
389 2789 439 2849 nbi
460 2790 533 2858 hiat;
557 2789 606 2849 ubi
621 2791 736 2850 assidue
752 2791 868 2860 dormit;
887 2792 935 2852 ubi
953 2793 993 2871 is,
1010 2795 1058 2872 qui
1073 2811 1154 2853 men·

155 2875 193 2933 tis
215 2891 285 2934 suae
306 2891 363 2933 non
381 2881 426 2933 est
432 2889 555 2951 ,neque
569 2873 597 2932 id
613 2873 712 2934 lacere
727 2892 813 2934 sanus
831 2875 918 2950 solet,
935 2876 1068 2936 dentibus
1087 2879 1154 2936 stri·

157 2958 220 3024 det:
237 2957 393 3033 ubinlcus,
410 2955 488 3035 quod
510 2966 557 3016 aut
578 2967 660 3034 ante,
677 2967 724 3018 aut
740 2959 847 3036 inipso
863 2959 1074 3020 morbonatum
1095 2971 1186 3036 estut

156 3041 279 3119 aridum,
306 3051 335 3101 et
357 3048 404 3100 aut
424 3039 579 3140 pallidum,
610 3051 658 3101 ant
684 3042 799 3102 lividum
820 3042 924 3102 lactum
950 3053 995 3103 est
1019 3042 1151 3124 (Propo.

156 3125 177 3199 ὅ
194 3123 241 3202 3).
272 3123 325 3185 llla
346 3140 461 3222 quoque
476 3125 575 3184 mortis
588 3125 690 3186 indicia
702 3133 766 3184 sunt
768 3143 913 3224 ,ungpes,
932 3127 1072 3205 digitique
1088 3127 1152 3205 pal·

156 3206 220 3277 lidi;
239 3205 358 3286 lrrgrdus
371 3208 502 3285 spurtus
511 3207 567 3267 aut
584 3211 609 3268 si
630 3207 759 3269 manibus
775 3210 837 3287 quis
852 3210 880 3267 iu
900 3208 997 3287 febre,
1020 3220 1050 3272 et
1064 3221 1152 3271 acuto

155 3290 273 3367 morbo,
288 3293 364 3352 vel
355 3293 473 3367 insania,
489 3291 668 3369 pulmonisve
684 3293 801 3367 dolore,
823 3293 871 3352 vel
890 3295 1007 3371 cepitis,
1022 3295 1051 3352 in
1066 3304 1151 3354 veste
1211 3356 1213 3367 ¹

157 3375 269 3436 lloccos
285 3376 372 3454 legit,
393 3374 555 3434 fimbriasve
570 3376 692 3452 diducit,
713 3375 761 3434 vel
776 3376 803 3434 in
822 3376 956 3451 adjuncto
972 3379 1103 3456 pariete,
1127 3380 1182 3436 sins

158 3478 212 3538 qua
227 3463 331 3521 minuta
352 3461 490 3536 eminent,
515 3461 606 3537 carpit
628 3459 755 3539 (Propo.
776 3458 797 3533 ὅ
820 3459 867 3538 4).
914 3459 1041 3522 Dolores
1062 3462 1151 3522 etiarn
