2392 3906
167 175 207 236 72
463 189 496 236 s.
512 188 543 236 c.
558 185 864 236 cenomannensium

166 343 240 417 nica,
257 343 340 403 oleae
357 342 403 402 vel
420 341 503 402 albae
518 342 564 402 vel
580 349 774 421 permutatae,
790 348 897 414 myrta,
916 339 1071 418 palmulae,
1086 356 1139 416 pur·

166 443 266 504 purae,
282 428 416 501 murices,
430 427 524 486 vinum
536 424 748 495 resinatumvel
763 441 908 501 asperum,
925 425 990 483 item
1001 439 1141 494 meracum,

166 519 287 583 acetum,
297 501 423 570 'mulsum
439 510 516 588 quod
532 507 676 582 inferbuit,
694 509 761 568 item
776 507 927 580 defrutum,
945 524 1071 586 passum,
1084 523 1143 583 aqua

165 593 213 652 vel
229 593 326 671 tepida
340 593 388 653 vel
402 592 596 673 praefrigida,
613 591 699 668 dura,
715 591 743 650 id
759 600 804 650 est
819 609 853 651 ea
869 609 942 670 quae
961 590 1044 651 tarde
1061 598 1142 668 putes-

166 679 218 748 cit;
235 677 361 756 ideoque
378 677 474 755 pluvia
489 677 681 754 potissimum:
698 677 791 736 omnia
802 674 1011 749 dura,anaera,
1032 682 1158 744 austeus

165 779 280 840 aspera,
294 770 380 837 tosta,
397 770 427 822 et
443 762 471 819 in
487 759 587 820 eadem
603 777 706 835 carne,
723 777 789 820 assa
806 759 921 838 potius,
940 776 1024 836 quam
1042 757 1121 816 elixa.

461 947 660 1058 'capua
694 995 850 1056 xxxn.

454 1106 491 1156 De
508 1106 549 1157 his
567 1123 631 1171 quae
649 1110 747 1160 urinam
765 1117 876 1157 movent.

224 1259 340 1318 Urinam
362 1265 458 1317 autem
479 1268 611 1335 movent,
637 1277 834 1338 quaecumque
855 1259 883 1317 in
903 1257 988 1318 ltorto
1011 1259 1145 1318 nascentia
1175 1251 1176 1278 ³

164 1341 232 1402 boni
247 1341 345 1400 odoris
360 1350 440 1417 sunt,
456 1351 485 1402 ut
499 1345 609 1422 apium,
625 1353 703 1420 ruta,
722 1343 872 1417 anethum,
891 1342 1030 1418 ocimum,
1055 1351 1162 1412 mentam

163 1425 337 1504 hyssopum,
353 1427 478 1502 anisum,
495 1426 687 1504 coriandrum,
705 1428 888 1502 nasturtium,
905 1443 1008 1501 eruca,
1031 1425 1145 1488 foenicu-

164 1508 236 1569 lum:
253 1518 369 1588 praeter
383 1510 457 1570 haec
472 1528 641 1590 asparagus,
658 1512 801 1590 nannetis,
817 1519 934 1588 nepeta,
950 1509 1098 1584 thymum,
1113 1525 1145 1566 aa·

164 1595 266 1668 turcia,
281 1593 410 1673 lapsana,
426 1596 584 1672 pastinaca,
601 1597 751 1674 magisque
766 1595 900 1672 agrestis,
918 1593 1060 1669 radicula,
1075 1594 1144 1672 siser,
1174 1609 1176 1668 t

165 1694 253 1754 cepa;
270 1695 307 1736 ex
321 1679 474 1738 venatione
490 1680 611 1738 maxirne
627 1679 725 1756 lepus:
741 1679 835 1738 vinum
850 1687 952 1754 tenue,
969 1681 1055 1758 piper
1069 1686 1097 1737 et
1110 1690 1144 1735 ro·
1174 1675 1176 1728 l

164 1759 278 1819 tondum
290 1767 319 1819 et
335 1760 467 1838 longum,
485 1763 591 1841 sinapi,
608 1761 793 1836 absinthium,
808 1762 904 1826 nuclei
918 1761 1006 1840 pinei.
1151 1764 1163 1803 ¹⁵

461 1995 643 2060 OAPUT
677 1999 855 2060 XXXII.

249 2108 285 2157 De
300 2107 340 2158 his
356 2123 420 2172 quae
438 2109 470 2159 ud
488 2123 605 2160 somnum
623 2118 682 2177 epta
699 2119 769 2172 snut,
789 2117 814 2160 et
832 2121 935 2162 sensum
951 2111 1073 2161 excitant.

226 2261 332 2320 Somno
357 2277 428 2320 vero
457 2269 552 2339 aptum
585 2271 629 2322 est
655 2281 798 2341 papaver,
824 2261 952 2338 lactuca,
979 2263 1143 2337 maximeque
1176 2275 1177 2286 ³

163 2348 283 2419 aestiva,
299 2345 380 2418 eujus
396 2344 552 2405 cauliculus
562 2345 623 2419 jam
638 2345 715 2405 lacte
730 2345 858 2423 repletus
875 2353 930 2420 est,
944 2362 1073 2423 morum,
1091 2358 1143 2424 por·

125 2461 127 2466 ·
163 2445 233 2484 rum.
263 2428 372 2486 Sensus
392 2430 660 2506 excitant-nepeta,
675 2427 816 2504 thymum,
834 2430 973 2505 satureia,
988 2427 1163 2508 hyssoptlffitl

164 2510 378 2586 praecipueque
394 2509 551 2588 pulegium,
568 2520 640 2586 ruta,
656 2520 685 2572 et
701 2528 783 2590 cepa.

449 2741 632 2804 ΟΑΡΠΤ
663 2747 868 2810 XXXIII.

197 2853 234 2903 De
245 2853 286 2904 his
298 2869 362 2930 quae
375 2855 504 2904 materiam
520 2865 635 2917 evocent,
653 2861 803 2924 reprimunt,
818 2862 946 2925 molliunt,
963 2864 1116 2922 calefaciunt,

499 2938 603 3000 durant,
622 2947 665 2990 aut
683 2943 819 2993 emolliunt.

181 3090 188 3101 “
222 3084 356 3146 llvocare
378 3105 450 3148 vero
469 3091 615 3150 materiam
634 3092 720 3153 multa
735 3093 884 3154 admodum
900 3107 1034 3174 possunt:
1051 3095 1100 3158 sed
1115 3097 1177 3152 et²⁵³

163 3185 247 3244 quum
264 3187 301 3228 ex
317 3174 479 3249 peregrinis
495 3174 709 3236 medicamentis
723 3179 844 3237 maxime
866 3189 1012 3257 constent,
1034 3181 1140 3257 altisque

162 3254 264 3328 magis,
281 3270 365 3330 quarn
377 3256 480 3332 quihus
491 3259 604 3318 ratione
615 3262 709 3320 victus
723 3262 907 3338 succurritur,
924 3265 1106 3342 opitulentur,
1119 3259 1141 3317 it

164 3338 326 3412 praesentia
342 3337 486 3400 differam:
504 3359 608 3419 ponam
618 3359 688 3404 vero
702 3361 736 3404 ea
748 3363 821 3421 quae
833 3353 976 3426 prorupta,
989 3359 1019 3410 et
1030 3353 1066 3410 iis
1077 3359 1139 3406 mor·

162 3417 207 3478 bis
222 3419 258 3479 dc
274 3419 376 3499 quibus
391 3425 522 3502 protinus
537 3425 664 3488 dicturus
682 3445 752 3502 snm,
770 3437 847 3507 apta,
864 3446 970 3511 corpus
982 3431 1107 3506 erodunt,
1118 3429 1141 3486 ul
