2392 3906
306 708 311 716 ·
388 696 429 768 n.
459 691 703 768 oouuanu
731 689 879 766 oansr

242 865 512 948 nauium
547 863 753 944 uranu
796 811 1023 944 ruo-bus
1093 835 1098 850 '

593 1034 673 1074 IDEM

380 1161 638 1260 arsurumne
665 1119 896 1242 audurus·

556 1325 718 1338 *-

514 1487 698 1574 carum
731 1485 756 1545 1.

333 1612 369 1662 De
387 1611 489 1659 brunoni
504 1611 617 1675 corporis
637 1609 797 1658 interioribus
814 1609 935 1674 partibus.

111 1761 114 1766 ’
200 1763 344 1822 Hactenus
360 1763 543 1841 reperiuntur
558 1779 593 1820 ea
608 1777 718 1838 genera
731 1758 913 1836 morborum,
930 1775 1004 1837 quae
1021 1760 1051 1818 in
1066 1760 1133 1818 tetis

30 1867 34 1875 ·
139 1846 311 1924 corporibus
333 1846 370 1904 ita
392 1855 474 1920 sunt,
497 1846 582 1904 utils
604 1853 706 1906 certae
726 1844 813 1904 sedes
833 1843 974 1920 assignari
989 1859 1047 1901 non
1066 1859 1131 1920 pos·

139 1932 209 1988 sint:
243 1947 317 1988 nunc
341 1929 377 1988 de
397 1929 431 1987 iis
453 1928 560 2002 dicam,
589 1945 662 2006 quae
685 1937 750 1988 sunt
771 1930 799 1988 in
821 1925 959 2004 partibus.
1004 1925 1132 1986 Facilius

138 2022 232 2074 autern
253 2014 375 2072 omnium
396 2013 563 2072 interiorum
583 2013 674 2071 morbi
703 2013 924 2088 curationesque
951 2011 979 2068 in
1004 2011 1151 2068 notitiarus

137 2098 271 2174 verrient,
295 2097 320 2155 si
342 2097 421 2174 prius
447 2113 545 2156 eorum
568 2097 656 2156 sedes
676 2095 805 2155 breviter
824 2094 993 2154 ostendero.
1037 2091 1132 2171 Caput

138 2181 240 2257 igitur,
268 2198 379 2259 eaque,
406 2198 480 2258 quae
504 2183 604 2241 inore
627 2189 708 2256 eunt,
736 2197 793 2240 non
813 2179 910 2254 lingua
934 2177 1131 2237 tantummodo

108 2305 112 2311 -
138 2265 294 2344 palatoque
317 2266 517 2348 terminantem
548 2265 600 2324 sed
628 2265 713 2322 etiam
739 2272 879 2342 quatenus
904 2260 997 2320 oculis
1022 2261 1132 2320 nostris

139 2351 272 2426 exposita
284 2357 358 2407 suut.
382 2347 414 2406 la
426 2349 527 2407 dextra
545 2349 717 2422 sinistraque
732 2348 810 2404 circa
825 2353 922 2420 guttur·
936 2361 1030 2404 venae
1045 2362 1131 2420 grau·

139 2433 207 2507 des,
228 2449 302 2508 quae
320 2429 516 2508 'cpuyr‘crdeg
537 2430 729 2494 admirantum
753 2429 878 2505 itemque
896 2428 1036 2503 arteriae,
1060 2445 1159 2506 quaero

138 2512 322 2590 superaddere
332 2522 455 2587 vocant,
473 2529 583 2571 sursum
597 2509 792 2588 procedentes
803 2511 877 2570 ultra
891 2529 976 2571 aures
988 2510 1131 2570 feruntur.

139 2593 176 2653 At
192 2597 220 2652 in
235 2597 306 2671 ipsis
322 2593 485 2653 cervicibus
501 2594 654 2670 glandulae
670 2594 782 2672 positae
799 2603 878 2672 sunt,
898 2613 972 2672 quae
988 2595 1131 2654 interdum

139 2695 202 2736 cum
218 2678 320 2737 dolore
335 2678 534 2736 intumescunt.
564 2676 675 2736 Deinde
692 2676 748 2736 duo
765 2679 865 2737 itinera
883 2680 1036 2756 incipiunt:
1059 2679 1130 2738 alte·

137 2779 198 2820 rum
229 2776 373 2838 oeperunt
406 2760 555 2819 arteriam
585 2763 743 2829 nominant;
783 2761 902 2820 alterurn
927 2761 1129 2822 stomuclurm.
1191 2801 1193 2824 r

138 2842 253 2904 Arteria
272 2843 399 2902 exterior
419 2843 455 2902 ad
476 2844 654 2921 pulmonem:
676 2845 841 2904 stomachus
861 2846 982 2904 interior
1002 2845 1038 2904 ad
1060 2862 1159 2905 ven-rs
1191 2825 1193 2900 l

138 2927 269 2986 triculum
284 2926 389 2985 lentur:
405 2926 454 2987 illa
470 2928 613 3005 spiritum;
628 2928 675 2988 lric
690 2929 782 2988 cibum
795 2930 908 3005 recipit.
920 2923 1031 2996 Quibus
1046 2947 1132 3006 quum
1191 2961 1193 3000 ς

139 3009 272 3069 diversae
295 3012 359 3069 viae
384 3012 455 3086 sint,
477 3029 532 3088 qua
556 3021 676 3089 coeunt,
698 3014 802 3088 exigua
825 3013 852 3070 in
868 3013 972 3072 arteria
988 3011 1041 3071 sub
1058 3013 1130 3089 ipsis

138 3091 269 3152 laticibus
285 3093 380 3170 lingua
396 3103 456 3169 est,
473 3112 565 3172 quae,
588 3113 673 3174 quum
691 3097 845 3173 spiramus,
864 3094 1018 3163 attollitur;
1043 3113 1128 3173 quum

139 3176 233 3235 cibum
249 3179 454 3257 potionemque
470 3178 654 3254 assumimus,
672 3181 805 3239 arteriam
818 3179 933 3238 claudit.
955 3178 1022 3258 lpsa
1034 3188 1127 3238 autem

138 3260 243 3319 arteria
260 3259 329 3320 dura
344 3270 373 3320 et
389 3262 591 3338 cartilaginosa
607 3264 634 3320 in
650 3271 764 3338 gutture
780 3264 919 3340 assurgit;
939 3263 1048 3322 ceteris
1063 3279 1161 3340 par-ro

23 3409 32 3438 ,Ι
138 3343 214 3404 tibus
235 3333 344 3402 residit.
383 3341 558 3405 constater
579 3346 694 3405 circulis
718 3345 885 3423 quibusdam
907 3347 1077 3424 compositis
1093 3345 1128 3404 ad

112 3455 115 3461 ·
137 3428 289 3506 imaginem
304 3446 400 3488 earum
417 3428 629 3506 vertebrarum,
647 3446 721 3507 quae
736 3430 764 3487 in
779 3430 860 3508 spina
873 3440 951 3490 sunt:
969 3431 1006 3490 ite
1022 3439 1127 3505 tamen,
