2384 3896
144 182 203 244 166
434 193 466 240 x.
483 179 629 244 conum
643 191 839 244 notemus

142 349 210 408 sciri
231 348 318 424 volo,
340 348 369 406 in
389 348 471 409 uncia
493 347 607 427 pondus
622 347 802 408 donariorum
817 356 929 424 septem
947 365 1034 406 esse:
1055 347 1136 406 unius

142 431 244 494 deinde
266 431 376 491 denarii
396 431 509 511 pondus
531 430 618 492 dividi
643 450 659 490 a
679 448 725 490 me
746 432 774 489 in
795 439 961 508 sextantes,
1012 439 1044 488 nt
1063 430 1136 490 idern

140 518 169 574 in
183 523 314 576 sextante
330 514 439 592 denarii
453 514 589 590 habeam,
617 513 694 593 quod
709 513 812 574 Graeci
827 513 932 574 babent
950 515 980 572 in
995 531 1037 572 eo
1054 531 1138 591 quem

140 588 263 677 ὀβολόν
280 598 437 676 appellant.
470 597 503 658 ld
521 599 557 658 ad
572 608 671 658 nostra
686 597 815 678 pondera
829 598 949 658 relatum
964 596 1056 675 paolo
1073 596 1137 676 plus

140 681 254 742 dimidio
272 681 400 760 scripulo
414 682 494 743 iacit.
522 727 525 734 .
1147 699 1155 735 a

201 766 230 826 2.
257 765 430 842 Malagmata
445 782 534 842 vero,
558 774 644 844 atque
658 764 832 842 emplastra,
855 763 1043 842 pastillique,
1064 781 1137 841 quos

137 849 331 928 apoptnuovp
353 848 457 912 Graeci
480 857 598 925 vocant,
627 865 711 927 quum
733 848 853 928 plurima
874 847 975 908 eadem
994 847 1136 920 habeant,

137 934 271 994 differunt
286 949 338 1008 eo,
358 932 434 1011 quod
450 932 621 1009 malagmata
634 934 756 993 maxime
772 949 810 992 ex
821 931 959 991 odoribus
971 948 1137 1008 eorumque

137 1019 221 1079 etiam
242 1015 380 1092 surculis,
411 1016 567 1094 emplastra
589 1016 753 1095 pastillique
777 1016 869 1092 magis
895 1033 932 1075 ex
958 1013 1136 1092 quibusdam

135 1099 288 1160 metallicis
307 1100 386 1158 fiunt.
421 1099 533 1160 Deinde
554 1099 724 1176 malagmata
746 1108 864 1160 contusa
889 1097 1002 1158 abunde
1030 1097 1165 1158 mollo-u

136 1192 233 1244 scunt:
254 1199 317 1241 nam
334 1199 422 1260 super
436 1185 577 1260 integrum
593 1193 687 1244 cutem
698 1183 876 1257 injiciuntur:
893 1182 1050 1242 laboriose
1061 1197 1137 1240 vero

136 1273 321 1326 conteruntur
342 1283 392 1341 ea,
423 1285 460 1325 ex
484 1267 586 1346 quibus
608 1267 762 1345 emplastra
787 1265 952 1344 pastillique
974 1267 1065 1340 liunt,
1100 1282 1137 1322 ne

19 1409 22 1416 ,
135 1349 249 1408 laedant
263 1348 397 1426 vulnera,
413 1368 497 1428 quum
508 1351 640 1428 imposita
652 1359 724 1409 sunt.
746 1349 823 1409 Inter
835 1349 1024 1428 emplastrum
1038 1357 1137 1407 autem

135 1441 163 1490 et
185 1432 330 1511 pastillum
350 1431 407 1492 hoc
432 1435 569 1510 interest,
598 1433 676 1512 quod
698 1433 883 1516 emplastrum
908 1433 1003 1510 utique
1031 1431 1136 1509 liquati

133 1515 240 1594 aliquid
260 1518 382 1594 accipit:
404 1518 431 1576 in
452 1515 567 1594 pastillo
588 1526 694 1598 tantum
711 1516 789 1576 arida
802 1515 1008 1576 medicamenta
1030 1515 1136 1594 aliquo
1146 1529 1164 1566 1⁵

132 1599 251 1658 humore
262 1600 427 1696 jmguntur.
451 1600 521 1660 Tum
537 1600 719 1678 emplastrum
735 1597 792 1659 boc
807 1599 891 1659 modo
907 1599 951 1658 fit:
973 1597 1058 1657 arida
1074 1618 1135 1657 me-

132 1682 291 1748 dicamenta
314 1699 417 1760 perse
438 1692 580 1751 teruntur;
600 1683 705 1742 deinde
728 1685 823 1743 mixtis
844 1683 888 1742 bis
908 1680 1069 1741 instillatur
1085 1693 1137 1742 aut

132 1773 257 1840 acetum,
280 1773 328 1824 aut
348 1767 372 1825 si
389 1765 452 1844 quis
466 1761 539 1826 allus
553 1784 611 1826 uon
629 1767 742 1845 pinguis
757 1762 856 1826 humor
873 1782 1054 1826 accessurus
1076 1776 1136 1842 est,

132 1856 160 1906 et
183 1867 217 1906 ea
238 1861 336 1906 rursus
353 1867 389 1908 ex
404 1867 439 1908 eo
456 1859 598 1910 teruntur:
622 1869 655 1910 ea
672 1867 759 1925 vero,
785 1867 859 1928 quae
874 1849 976 1928 liquari
991 1861 1135 1927 possunt,

131 1930 166 1990 ad
185 1933 281 2008 ignem
295 1931 377 1991 simul
392 1933 535 2011 liquantur
541 1956 548 2002 ;
569 1943 598 1992 et
615 1935 638 1992 si
654 1933 720 2012 quid
735 1933 793 1993 olei
807 1934 924 1992 misceri
939 1928 1049 2010 debet,
1073 1943 1163 1994 tumn

130 2013 298 2074 infunditur:
321 2015 460 2075 interdum
483 2017 566 2076 etiam
589 2015 696 2076 aridum
710 2016 827 2094 aliquod
842 2035 879 2076 ex
895 2017 961 2076 oleo
977 2016 1066 2096 prius
1083 2035 1135 2077 co·

130 2098 234 2175 quitur.
264 2097 329 2178 ⁴Ubi
350 2099 426 2159 iacta
449 2110 529 2177 mut,
553 2118 626 2178 quae
649 2101 803 2178 separatim
820 2102 881 2158 fieri
898 2099 1084 2179 debuerunt,
1107 2103 1134 2160 iu

130 2199 213 2240 unum
231 2181 323 2242 omnia
339 2184 503 2242 miscentur.
538 2179 576 2241 m
590 2179 696 2261 pastilli
710 2181 782 2243 haec
797 2182 871 2243 ratio
887 2191 946 2243 est:
967 2183 1054 2244 arida
1072 2204 1133 2245 me-

22 2313 24 2318 .
130 2264 288 2326 dicamenta
309 2268 430 2326 contrita
452 2267 572 2326 hamore
593 2284 652 2326 non
672 2268 788 2346 pingui,
811 2277 841 2326 ut
856 2270 939 2343 vino,
961 2267 1009 2326 vel
1025 2277 1133 2346 aceto,

129 2358 285 2432 coguntur,
310 2359 337 2408 et
351 2367 451 2410 rursus
467 2358 586 2427 coacta,
601 2352 777 2426 inarescunt;
801 2359 904 2428 atque,
920 2350 967 2410 ubi
985 2353 1161 2412 utendume

129 2440 188 2505 est,
217 2431 345 2514 eiusdem
365 2435 484 2509 generis
506 2433 624 2494 humore
648 2429 799 2496 diluamur.
837 2434 907 2494 Tum
933 2434 1133 2512 emplastrum

127 2513 294 2607 imponitur,
324 2517 455 2593 pastillus
476 2514 609 2595 illinitur,
633 2527 680 2578 aut
701 2518 786 2578 alioci
808 2517 933 2578 molliori
954 2527 986 2578 ut
1006 2529 1132 2595 cerato,

126 2605 272 2656 miscetur.

434 2766 458 2827 O
470 2767 499 2828 A
509 2770 535 2828 P
548 2770 578 2830 U
589 2771 618 2828 Τ
653 2771 685 2830 Χ
695 2772 748 2830 VI
760 2773 776 2830 1
788 2773 814 2831 I.

504 2886 540 2935 De
559 2885 726 2952 blalagmatls.
1137 2899 1158 2939 tc

789 2976 808 3002 ὖ

182 3018 233 3078 llis
257 3021 395 3096 cognitis,
425 3021 544 3097 primum
565 3020 735 3098 malagmata
758 3021 922 3100 subjiciam,
954 3039 1028 3102 qaae
1053 3026 1126 3088 fere

122 3117 181 3158 non
203 3111 268 3162 sunt
289 3102 495 3180 refrigerandi,
518 3103 570 3162 sed
593 3104 781 3164 calefaciendi
798 3123 885 3168 causa
900 3117 1026 3186 reperta.
1065 3109 1125 3170 Est

122 3191 230 3259 tamen,
253 3186 329 3261 quod
347 3185 522 3262 refrigerare
538 3188 645 3264 possit,
669 3187 705 3246 ad
721 3189 829 3250 calidas
844 3191 992 3268 podagras
1005 3201 1122 3270 aptum.

121 3265 215 3326 Habet
237 3267 333 3344 gallae
356 3277 384 3326 et
404 3271 568 3329 immaturae
592 3279 623 3328 et
647 3271 783 3347 alterius,
813 3274 957 3334 coriandri
984 3277 1121 3352 seminis,

122 3351 249 3427 cicutae,
273 3349 408 3410 lacrimae
423 3354 535 3428 aridae,
551 3355 866 3431 gummis‚singnlorum
884 3356 998 3435 plenum
1014 3369 1119 3422 aceta-
1129 3379 1153 3420 as

121 3434 231 3511 bulum,
249 3436 337 3494 cerati
354 3433 438 3512 eloti,
458 3437 536 3514 quod
554 3428 768 3516 πεπλυμένον
784 3439 889 3500 Graeci
903 3449 1025 3518 vocant,
1044 3443 1120 3504 seli-
