<?xml version="1.0" encoding="UTF-8"?>
<!DOCTYPE html PUBLIC "-//W3C//DTD XHTML 1.0 Transitional//EN"
    "http://www.w3.org/TR/xhtml1/DTD/xhtml1-transitional.dtd">
<html xmlns="http://www.w3.org/1999/xhtml" xml:lang="en" lang="en">
 <head>
  <title>
</title>
<meta http-equiv="Content-Type" content="text/html;charset=utf-8" />
  <meta name='ocr-system' content='tesseract 3.04.00' />
  <meta name='ocr-capabilities' content='ocr_page ocr_carea ocr_par ocr_line ocrx_word'/>
</head>
<body>
  <div class='ocr_page' id='page_1' title='image "./demedicinalibri00daregoog_0326.png"; bbox 0 0 2372 3892; ppageno 0'>
   <div class='ocr_carea' id='block_1_1' title="bbox 144 170 841 234">
    <p class='ocr_par' dir='ltr' id='par_1_1' title="bbox 144 170 841 234">
     <span class='ocr_line' id='line_1_1' title="bbox 144 170 841 234; baseline -0.01 -1"><span class='ocrx_word' id='word_1_1' title='bbox 144 170 207 234; x_wconf 73' lang='grc'><strong>274</strong></span> <span class='ocrx_word' id='word_1_2' title='bbox 436 178 470 227; x_wconf 83' lang='grc' dir='ltr'><strong>Δ.</strong></span> <span class='ocrx_word' id='word_1_3' title='bbox 487 176 517 226; x_wconf 82' lang='lat' dir='ltr'><strong>G.</strong></span> <span class='ocrx_word' id='word_1_4' title='bbox 534 175 633 229; x_wconf 67' lang='lat' dir='ltr'><strong>camsi</strong></span> <span class='ocrx_word' id='word_1_5' title='bbox 647 176 841 228; x_wconf 76' lang='lat' dir='ltr'><strong>micum</strong></span> 
     </span>
    </p>
   </div>
   <div class='ocr_carea' id='block_1_2' title="bbox 21 325 1185 3504">
    <p class='ocr_par' dir='ltr' id='par_1_2' title="bbox 21 325 1185 3504">
     <span class='ocr_line' id='line_1_2' title="bbox 145 325 1137 408; baseline -0.007 -10"><span class='ocrx_word' id='word_1_6' title='bbox 145 336 228 398; x_wconf 86' lang='lat' dir='ltr'><strong>Hunc</strong></span> <span class='ocrx_word' id='word_1_7' title='bbox 242 339 389 394; x_wconf 74' lang='lat' dir='ltr'><strong>recentem</strong></span> <span class='ocrx_word' id='word_1_8' title='bbox 403 348 462 394; x_wconf 91' lang='lat' dir='ltr'><strong>nou</strong></span> <span class='ocrx_word' id='word_1_9' title='bbox 476 331 596 394; x_wconf 85' lang='lat' dir='ltr'><strong>diiiiciie</strong></span> <span class='ocrx_word' id='word_1_10' title='bbox 612 341 658 392; x_wconf 87' lang='lat' dir='ltr'><strong>est</strong></span> <span class='ocrx_word' id='word_1_11' title='bbox 673 331 819 394; x_wconf 80' lang='lat' dir='ltr'><strong>discutere</strong></span> <span class='ocrx_word' id='word_1_12' title='bbox 836 325 1071 406; x_wconf 80' lang='lat' dir='ltr'><strong>medicamentis,</strong></span> <span class='ocrx_word' id='word_1_13' title='bbox 1084 331 1137 408; x_wconf 67' lang='lat' dir='ltr'><strong>qa‘·</strong></span> 
     </span>
     <span class='ocr_line' id='line_1_3' title="bbox 146 416 1138 493; baseline -0.004 -15"><span class='ocrx_word' id='word_1_14' title='bbox 146 419 199 478; x_wconf 87' lang='lat' dir='ltr'><strong>bus</strong></span> <span class='ocrx_word' id='word_1_15' title='bbox 215 417 368 479; x_wconf 86' lang='lat' dir='ltr'><strong>cicatrices</strong></span> <span class='ocrx_word' id='word_1_16' title='bbox 384 417 416 478; x_wconf 91' lang='lat' dir='ltr'><strong>in</strong></span> <span class='ocrx_word' id='word_1_17' title='bbox 434 417 526 478; x_wconf 86' lang='lat' dir='ltr'><strong>oculis</strong></span> <span class='ocrx_word' id='word_1_18' title='bbox 544 425 748 477; x_wconf 82' lang='lat' dir='ltr'><strong>extenuantur:</strong></span> <span class='ocrx_word' id='word_1_19' title='bbox 771 417 796 476; x_wconf 86' lang='lat' dir='ltr'><strong>si</strong></span> <span class='ocrx_word' id='word_1_20' title='bbox 818 417 1009 489; x_wconf 83' lang='lat' dir='ltr'><strong>inveteravit,</strong></span> <span class='ocrx_word' id='word_1_21' title='bbox 1027 416 1138 493; x_wconf 74' lang='lat' dir='ltr'><strong>Jamque</strong></span> 
     </span>
     <span class='ocr_line' id='line_1_4' title="bbox 146 497 1135 579; baseline -0.007 -16"><span class='ocrx_word' id='word_1_22' title='bbox 146 504 174 563; x_wconf 88' lang='lat' dir='ltr'><strong>ei</strong></span> <span class='ocrx_word' id='word_1_23' title='bbox 190 499 349 560; x_wconf 76' lang='lat' dir='ltr'>crassitudo</span> <span class='ocrx_word' id='word_1_24' title='bbox 365 517 482 579; x_wconf 93' lang='lat' dir='ltr'><strong>quoque</strong></span> <span class='ocrx_word' id='word_1_25' title='bbox 496 500 640 575; x_wconf 90' lang='lat' dir='ltr'><strong>accessit,</strong></span> <span class='ocrx_word' id='word_1_26' title='bbox 661 498 758 560; x_wconf 86' lang='lat' dir='ltr'><strong>excidi</strong></span> <span class='ocrx_word' id='word_1_27' title='bbox 774 499 871 558; x_wconf 92' lang='lat' dir='ltr'><strong>debet.</strong></span> <span class='ocrx_word' id='word_1_28' title='bbox 908 499 983 558; x_wconf 85' lang='lat' dir='ltr'><strong>Post</strong></span> <span class='ocrx_word' id='word_1_29' title='bbox 999 497 1135 558; x_wconf 86' lang='lat' dir='ltr'><strong>abstiner-</strong></span> 
     </span>
     <span class='ocr_line' id='line_1_5' title="bbox 146 583 1135 662; baseline -0.006 -16"><span class='ocrx_word' id='word_1_30' title='bbox 146 587 212 646; x_wconf 92' lang='lat' dir='ltr'><strong>tiam</strong></span> <span class='ocrx_word' id='word_1_31' title='bbox 227 601 299 644; x_wconf 85' lang='lat' dir='ltr'><strong>vero</strong></span> <span class='ocrx_word' id='word_1_32' title='bbox 316 585 397 644; x_wconf 89' lang='lat' dir='ltr'><strong>unius</strong></span> <span class='ocrx_word' id='word_1_33' title='bbox 411 584 486 662; x_wconf 86' lang='lat' dir='ltr'><strong>diei,</strong></span> <span class='ocrx_word' id='word_1_34' title='bbox 509 584 558 644; x_wconf 83' lang='lat' dir='ltr'><strong>rel</strong></span> <span class='ocrx_word' id='word_1_35' title='bbox 572 583 711 644; x_wconf 84' lang='lat' dir='ltr'><strong>adversus</strong></span> <span class='ocrx_word' id='word_1_36' title='bbox 733 585 762 644; x_wconf 91' lang='lat' dir='ltr'><strong>in</strong></span> <span class='ocrx_word' id='word_1_37' title='bbox 779 583 862 644; x_wconf 88' lang='lat' dir='ltr'><strong>sedili</strong></span> <span class='ocrx_word' id='word_1_38' title='bbox 882 593 987 643; x_wconf 89' lang='lat' dir='ltr'><strong>contra</strong></span> <span class='ocrx_word' id='word_1_39' title='bbox 1001 583 1135 642; x_wconf 79' lang='lat' dir='ltr'><strong>medicum</strong></span> 
     </span>
     <span class='ocr_line' id='line_1_6' title="bbox 146 667 1146 745; baseline -0.004 -17"><span class='ocrx_word' id='word_1_40' title='bbox 146 671 171 728; x_wconf 94' lang='lat' dir='ltr'><strong>is</strong></span> <span class='ocrx_word' id='word_1_41' title='bbox 186 669 274 728; x_wconf 90' lang='lat' dir='ltr'><strong>homo</strong></span> <span class='ocrx_word' id='word_1_42' title='bbox 293 667 481 728; x_wconf 91' lang='lat' dir='ltr'><strong>collocandus</strong></span> <span class='ocrx_word' id='word_1_43' title='bbox 498 677 553 745; x_wconf 90' lang='lat' dir='ltr'><strong>est,</strong></span> <span class='ocrx_word' id='word_1_44' title='bbox 570 667 617 727; x_wconf 81' lang='lat' dir='ltr'><strong>acl</strong></span> <span class='ocrx_word' id='word_1_45' title='bbox 633 668 675 728; x_wconf 89' lang='lat' dir='ltr'><strong>sic</strong></span> <span class='ocrx_word' id='word_1_46' title='bbox 688 685 818 743; x_wconf 82' lang='lat' dir='ltr'><strong>aversus,</strong></span> <span class='ocrx_word' id='word_1_47' title='bbox 832 676 863 727; x_wconf 92' lang='grc' dir='ltr'><strong>ιιι</strong></span> <span class='ocrx_word' id='word_1_48' title='bbox 876 668 1067 743; x_wconf 80' lang='lat' dir='ltr'><strong>imgremium</strong></span> <span class='ocrx_word' id='word_1_49' title='bbox 1084 667 1146 740; x_wconf 72' lang='lat' dir='ltr'><strong>ejeci</strong></span> 
     </span>
     <span class='ocr_line' id='line_1_7' title="bbox 148 750 1134 832; baseline -0.006 -18"><span class='ocrx_word' id='word_1_50' title='bbox 148 762 233 832; x_wconf 90' lang='lat' dir='ltr'><strong>caput</strong></span> <span class='ocrx_word' id='word_1_51' title='bbox 247 753 400 830; x_wconf 82' lang='lat' dir='ltr'><strong>resupinus</strong></span> <span class='ocrx_word' id='word_1_52' title='bbox 415 752 549 813; x_wconf 78' lang='lat' dir='ltr'><strong>effundat.</strong></span> <span class='ocrx_word' id='word_1_53' title='bbox 573 750 710 827; x_wconf 81' lang='lat' dir='ltr'><strong>Quidam,</strong></span> <span class='ocrx_word' id='word_1_54' title='bbox 727 753 751 811; x_wconf 91' lang='lat' dir='ltr'><strong>si</strong></span> <span class='ocrx_word' id='word_1_55' title='bbox 767 753 795 812; x_wconf 88' lang='lat' dir='ltr'><strong>in</strong></span> <span class='ocrx_word' id='word_1_56' title='bbox 809 753 926 828; x_wconf 75' lang='lat' dir='ltr'><strong>sinistro</strong></span> <span class='ocrx_word' id='word_1_57' title='bbox 942 750 1035 810; x_wconf 92' lang='lat' dir='ltr'><strong>oculo</strong></span> <span class='ocrx_word' id='word_1_58' title='bbox 1051 751 1134 809; x_wconf 74' lang='lat' dir='ltr'><strong>sitim</strong></span> 
     </span>
     <span class='ocr_line' id='line_1_8' title="bbox 147 833 1133 914; baseline -0.004 -18"><span class='ocrx_word' id='word_1_59' title='bbox 147 844 210 912; x_wconf 86' lang='lat' dir='ltr'><strong>est,</strong></span> <span class='ocrx_word' id='word_1_60' title='bbox 234 835 400 898; x_wconf 86' lang='lat' dir='ltr'><strong>adversum:</strong></span> <span class='ocrx_word' id='word_1_61' title='bbox 429 837 502 894; x_wconf 89' lang='lat' dir='ltr'><strong>siin</strong></span> <span class='ocrx_word' id='word_1_62' title='bbox 531 835 651 911; x_wconf 86' lang='lat' dir='ltr'><strong>dextro,</strong></span> <span class='ocrx_word' id='word_1_63' title='bbox 677 838 843 914; x_wconf 88' lang='lat' dir='ltr'><strong>resupinum</strong></span> <span class='ocrx_word' id='word_1_64' title='bbox 867 834 1011 894; x_wconf 88' lang='lat' dir='ltr'><strong>collocari</strong></span> <span class='ocrx_word' id='word_1_65' title='bbox 1036 833 1133 892; x_wconf 85' lang='lat' dir='ltr'><strong>volunt</strong></span> 
     </span>
     <span class='ocr_line' id='line_1_9' title="bbox 147 916 1133 997; baseline -0.002 -19"><span class='ocrx_word' id='word_1_66' title='bbox 147 920 277 979; x_wconf 80' lang='lat' dir='ltr'><strong>Alteram</strong></span> <span class='ocrx_word' id='word_1_67' title='bbox 295 927 388 979; x_wconf 86' lang='lat' dir='ltr'><strong>autem</strong></span> <span class='ocrx_word' id='word_1_68' title='bbox 404 918 574 997; x_wconf 79' lang='lat' dir='ltr'><strong>palpebram</strong></span> <span class='ocrx_word' id='word_1_69' title='bbox 588 937 604 978; x_wconf 93' lang='lat' dir='ltr'><strong>a</strong></span> <span class='ocrx_word' id='word_1_70' title='bbox 617 919 745 979; x_wconf 91' lang='lat' dir='ltr'><strong>ministro</strong></span> <span class='ocrx_word' id='word_1_71' title='bbox 758 919 852 980; x_wconf 93' lang='lat' dir='ltr'><strong>diduci</strong></span> <span class='ocrx_word' id='word_1_72' title='bbox 868 927 1007 996; x_wconf 89' lang='lat' dir='ltr'><strong>oportet,</strong></span> <span class='ocrx_word' id='word_1_73' title='bbox 1026 916 1133 978; x_wconf 86' lang='lat' dir='ltr'><strong>alteram</strong></span> 
     </span>
     <span class='ocr_line' id='line_1_10' title="bbox 147 1001 1133 1078; baseline -0.007 -14"><span class='ocrx_word' id='word_1_74' title='bbox 147 1022 163 1064; x_wconf 88' lang='lat' dir='ltr'><strong>a</strong></span> <span class='ocrx_word' id='word_1_75' title='bbox 181 1003 308 1063; x_wconf 89' lang='lat' dir='ltr'><strong>medico:</strong></span> <span class='ocrx_word' id='word_1_76' title='bbox 331 1001 383 1062; x_wconf 91' lang='lat' dir='ltr'><strong>sed</strong></span> <span class='ocrx_word' id='word_1_77' title='bbox 401 1002 438 1062; x_wconf 88' lang='lat' dir='ltr'><strong>ab</strong></span> <span class='ocrx_word' id='word_1_78' title='bbox 457 1001 528 1078; x_wconf 89' lang='lat' dir='ltr'><strong>hcc,</strong></span> <span class='ocrx_word' id='word_1_79' title='bbox 553 1004 577 1062; x_wconf 93' lang='lat' dir='ltr'><strong>si</strong></span> <span class='ocrx_word' id='word_1_80' title='bbox 600 1001 650 1062; x_wconf 89' lang='lat' dir='ltr'><strong>ille</strong></span> <span class='ocrx_word' id='word_1_81' title='bbox 672 1002 810 1062; x_wconf 89' lang='lat' dir='ltr'><strong>adversus</strong></span> <span class='ocrx_word' id='word_1_82' title='bbox 825 1010 886 1077; x_wconf 90' lang='lat' dir='ltr'><strong>est,</strong></span> <span class='ocrx_word' id='word_1_83' title='bbox 908 1001 1095 1068; x_wconf 69' lang='lat' dir='ltr'><strong>inferiorem</strong></span> <span class='ocrx_word' id='word_1_84' title='bbox 1115 1001 1133 1058; x_wconf 89' lang='lat' dir='ltr'><strong>ai</strong></span> 
     </span>
     <span class='ocr_line' id='line_1_11' title="bbox 148 1084 1153 1165; baseline -0.004 -17"><span class='ocrx_word' id='word_1_85' title='bbox 148 1087 283 1165; x_wconf 87' lang='lat' dir='ltr'><strong>supinus,</strong></span> <span class='ocrx_word' id='word_1_86' title='bbox 301 1086 492 1162; x_wconf 89' lang='lat' dir='ltr'><strong>superiorem.</strong></span> <span class='ocrx_word' id='word_1_87' title='bbox 531 1084 601 1146; x_wconf 74' lang='lat' dir='ltr'><strong>l&#39;um</strong></span> <span class='ocrx_word' id='word_1_88' title='bbox 616 1085 692 1146; x_wconf 88' lang='lat' dir='ltr'><strong>idem</strong></span> <span class='ocrx_word' id='word_1_89' title='bbox 706 1086 836 1146; x_wconf 89' lang='lat' dir='ltr'><strong>medicus</strong></span> <span class='ocrx_word' id='word_1_90' title='bbox 849 1084 995 1146; x_wconf 90' lang='lat' dir='ltr'><strong>hamulum</strong></span> <span class='ocrx_word' id='word_1_91' title='bbox 1016 1093 1153 1157; x_wconf 75' lang='lat' dir='ltr'><strong>acutumn</strong></span> 
     </span>
     <span class='ocr_line' id='line_1_12' title="bbox 147 1169 1135 1332; baseline 0 -22"><span class='ocrx_word' id='word_1_92' title='bbox 147 1169 1135 1332; x_wconf 47' lang='lat' dir='ltr'><strong>llllimelldlhilltfitht‘dalllht,tissimi</strong></span> 
     </span>
     <span class='ocr_line' id='line_1_13' title="bbox 241 1296 542 1327; baseline 0 -7"><span class='ocrx_word' id='word_1_93' title='bbox 241 1296 249 1327; x_wconf 73' lang='lat' dir='ltr'><strong>s</strong></span> <span class='ocrx_word' id='word_1_94' title='bbox 535 1299 542 1320; x_wconf 76' lang='lat' dir='ltr'><strong>c</strong></span> 
     </span>
     <span class='ocr_line' id='line_1_14' title="bbox 146 1333 1135 1414; baseline 0 -20"><span class='ocrx_word' id='word_1_95' title='bbox 146 1335 217 1394; x_wconf 90' lang='lat' dir='ltr'><strong>dere</strong></span> <span class='ocrx_word' id='word_1_96' title='bbox 233 1333 331 1394; x_wconf 89' lang='lat' dir='ltr'><strong>alteri:</strong></span> <span class='ocrx_word' id='word_1_97' title='bbox 350 1335 429 1413; x_wconf 89' lang='lat' dir='ltr'><strong>ipsc,</strong></span> <span class='ocrx_word' id='word_1_98' title='bbox 444 1334 560 1396; x_wconf 88' lang='lat' dir='ltr'><strong>hamulo</strong></span> <span class='ocrx_word' id='word_1_99' title='bbox 573 1337 774 1414; x_wconf 88' lang='lat' dir='ltr'><strong>apprehenso,</strong></span> <span class='ocrx_word' id='word_1_100' title='bbox 791 1338 890 1398; x_wconf 86' lang='lat' dir='ltr'><strong>levare</strong></span> <span class='ocrx_word' id='word_1_101' title='bbox 903 1354 1049 1412; x_wconf 88' lang='lat' dir='ltr'><strong>unguem,</strong></span> <span class='ocrx_word' id='word_1_102' title='bbox 1068 1353 1135 1394; x_wconf 84' lang='lat' dir='ltr'><strong>cum</strong></span> 
     </span>
     <span class='ocr_line' id='line_1_15' title="bbox 148 1417 1135 1498; baseline 0.001 -22"><span class='ocrx_word' id='word_1_103' title='bbox 148 1436 204 1496; x_wconf 93' lang='lat' dir='ltr'><strong>que</strong></span> <span class='ocrx_word' id='word_1_104' title='bbox 221 1435 273 1478; x_wconf 89' lang='lat' dir='ltr'><strong>acu</strong></span> <span class='ocrx_word' id='word_1_105' title='bbox 289 1417 425 1492; x_wconf 87' lang='lat' dir='ltr'><strong>trajicere</strong></span> <span class='ocrx_word' id='word_1_106' title='bbox 440 1418 526 1479; x_wconf 92' lang='lat' dir='ltr'><strong>linum</strong></span> <span class='ocrx_word' id='word_1_107' title='bbox 547 1421 695 1482; x_wconf 77' lang='lat' dir='ltr'><strong>trahente:</strong></span> <span class='ocrx_word' id='word_1_108' title='bbox 719 1420 824 1481; x_wconf 92' lang='lat' dir='ltr'><strong>deiude</strong></span> <span class='ocrx_word' id='word_1_109' title='bbox 844 1439 926 1480; x_wconf 91' lang='lat' dir='ltr'><strong>acum</strong></span> <span class='ocrx_word' id='word_1_110' title='bbox 945 1438 1079 1498; x_wconf 89' lang='lat' dir='ltr'><strong>ponere,</strong></span> <span class='ocrx_word' id='word_1_111' title='bbox 1095 1418 1135 1479; x_wconf 87' lang='lat' dir='ltr'><strong>lini</strong></span> 
     </span>
     <span class='ocr_line' id='line_1_16' title="bbox 21 1501 1155 1585; baseline 0.004 -24"><span class='ocrx_word' id='word_1_112' title='bbox 21 1569 25 1576; x_wconf 48' lang='grc'>,</span> <span class='ocrx_word' id='word_1_113' title='bbox 147 1501 202 1562; x_wconf 90' lang='lat' dir='ltr'><strong>duo</strong></span> <span class='ocrx_word' id='word_1_114' title='bbox 218 1503 313 1580; x_wconf 88' lang='lat' dir='ltr'><strong>capita</strong></span> <span class='ocrx_word' id='word_1_115' title='bbox 330 1502 566 1581; x_wconf 86' lang='lat' dir='ltr'><strong>apprehendere,</strong></span> <span class='ocrx_word' id='word_1_116' title='bbox 589 1511 618 1566; x_wconf 94' lang='lat' dir='ltr'><strong>e&#39;t</strong></span> <span class='ocrx_word' id='word_1_117' title='bbox 639 1523 692 1585; x_wconf 89' lang='lat' dir='ltr'><strong>per</strong></span> <span class='ocrx_word' id='word_1_118' title='bbox 712 1523 747 1564; x_wconf 91' lang='lat' dir='ltr'><strong>ea</strong></span> <span class='ocrx_word' id='word_1_119' title='bbox 773 1513 873 1564; x_wconf 89' lang='lat' dir='ltr'><strong>erecto</strong></span> <span class='ocrx_word' id='word_1_120' title='bbox 895 1521 1014 1580; x_wconf 88' lang='lat' dir='ltr'><strong>ungue,</strong></span> <span class='ocrx_word' id='word_1_121' title='bbox 1039 1506 1065 1562; x_wconf 90' lang='lat' dir='ltr'><strong>si</strong></span> <span class='ocrx_word' id='word_1_122' title='bbox 1088 1519 1155 1580; x_wconf 86' lang='lat' dir='ltr'><strong>quau</strong></span> 
     </span>
     <span class='ocr_line' id='line_1_17' title="bbox 147 1585 1136 1666; baseline -0.002 -20"><span class='ocrx_word' id='word_1_123' title='bbox 147 1594 230 1664; x_wconf 87' lang='lat' dir='ltr'><strong>parte</strong></span> <span class='ocrx_word' id='word_1_124' title='bbox 246 1585 331 1646; x_wconf 91' lang='lat' dir='ltr'><strong>oculu</strong></span> <span class='ocrx_word' id='word_1_125' title='bbox 347 1586 494 1664; x_wconf 83' lang='lat' dir='ltr'><strong>inhaeret,</strong></span> <span class='ocrx_word' id='word_1_126' title='bbox 510 1587 689 1648; x_wconf 86' lang='lat' dir='ltr'><strong>manubriolo</strong></span> <span class='ocrx_word' id='word_1_127' title='bbox 715 1588 850 1666; x_wconf 79' lang='lat' dir='ltr'><strong>scalpelli</strong></span> <span class='ocrx_word' id='word_1_128' title='bbox 872 1587 1026 1663; x_wconf 90' lang='lat' dir='ltr'><strong>diducere,</strong></span> <span class='ocrx_word' id='word_1_129' title='bbox 1051 1586 1136 1647; x_wconf 87' lang='lat' dir='ltr'><strong>donec</strong></span> 
     </span>
     <span class='ocr_line' id='line_1_18' title="bbox 146 1669 1136 1745; baseline 0 -18"><span class='ocrx_word' id='word_1_130' title='bbox 146 1669 183 1728; x_wconf 88' lang='lat' dir='ltr'><strong>ad</strong></span> <span class='ocrx_word' id='word_1_131' title='bbox 204 1670 337 1745; x_wconf 79' lang='lat' dir='ltr'><strong>angulum</strong></span> <span class='ocrx_word' id='word_1_132' title='bbox 357 1671 469 1730; x_wconf 85' lang='lat' dir='ltr'><strong>veniat:</strong></span> <span class='ocrx_word' id='word_1_133' title='bbox 495 1671 598 1731; x_wconf 89' lang='lat' dir='ltr'><strong>deinde</strong></span> <span class='ocrx_word' id='word_1_134' title='bbox 622 1673 743 1732; x_wconf 89' lang='lat' dir='ltr'><strong>invicem</strong></span> <span class='ocrx_word' id='word_1_135' title='bbox 756 1672 843 1732; x_wconf 89' lang='lat' dir='ltr'><strong>modo</strong></span> <span class='ocrx_word' id='word_1_136' title='bbox 863 1671 1031 1745; x_wconf 87' lang='lat' dir='ltr'><strong>remittere,</strong></span> <span class='ocrx_word' id='word_1_137' title='bbox 1059 1669 1136 1728; x_wconf 90' lang='lat' dir='ltr'><strong>modo</strong></span> 
     </span>
     <span class='ocr_line' id='line_1_19' title="bbox 146 1751 1135 1832; baseline -0.001 -21"><span class='ocrx_word' id='word_1_138' title='bbox 146 1751 306 1828; x_wconf 77' lang='lat' dir='ltr'><strong>attrahere,</strong></span> <span class='ocrx_word' id='word_1_139' title='bbox 328 1761 357 1812; x_wconf 89' lang='lat' dir='ltr'><strong>ut</strong></span> <span class='ocrx_word' id='word_1_140' title='bbox 379 1755 422 1813; x_wconf 90' lang='lat' dir='ltr'><strong>sic</strong></span> <span class='ocrx_word' id='word_1_141' title='bbox 445 1763 475 1813; x_wconf 88' lang='lat' dir='ltr'><strong>et</strong></span> <span class='ocrx_word' id='word_1_142' title='bbox 496 1753 602 1814; x_wconf 88' lang='lat' dir='ltr'><strong>initium</strong></span> <span class='ocrx_word' id='word_1_143' title='bbox 618 1757 697 1831; x_wconf 68' lang='lat' dir='ltr'><strong>ejus,</strong></span> <span class='ocrx_word' id='word_1_144' title='bbox 714 1764 743 1816; x_wconf 91' lang='lat' dir='ltr'><strong>et</strong></span> <span class='ocrx_word' id='word_1_145' title='bbox 764 1755 828 1816; x_wconf 89' lang='lat' dir='ltr'><strong>linis</strong></span> <span class='ocrx_word' id='word_1_146' title='bbox 845 1754 941 1832; x_wconf 89' lang='lat' dir='ltr'><strong>anguli</strong></span> <span class='ocrx_word' id='word_1_147' title='bbox 965 1755 1135 1831; x_wconf 87' lang='lat' dir='ltr'><strong>reperiatur.</strong></span> 
     </span>
     <span class='ocr_line' id='line_1_20' title="bbox 146 1833 1136 1916; baseline 0.002 -24"><span class='ocrx_word' id='word_1_148' title='bbox 146 1833 263 1910; x_wconf 86' lang='lat' dir='ltr'><strong>Duplex</strong></span> <span class='ocrx_word' id='word_1_149' title='bbox 278 1836 351 1894; x_wconf 89' lang='lat' dir='ltr'><strong>enim</strong></span> <span class='ocrx_word' id='word_1_150' title='bbox 369 1837 528 1914; x_wconf 89' lang='lat' dir='ltr'><strong>periculum</strong></span> <span class='ocrx_word' id='word_1_151' title='bbox 544 1847 602 1906; x_wconf 90' lang='lat' dir='ltr'><strong>est;</strong></span> <span class='ocrx_word' id='word_1_152' title='bbox 623 1857 659 1898; x_wconf 91' lang='lat' dir='ltr'><strong>ne</strong></span> <span class='ocrx_word' id='word_1_153' title='bbox 679 1839 727 1899; x_wconf 84' lang='lat' dir='ltr'><strong>vel</strong></span> <span class='ocrx_word' id='word_1_154' title='bbox 748 1857 786 1902; x_wconf 80' lang='lat' dir='ltr'><strong>en</strong></span> <span class='ocrx_word' id='word_1_155' title='bbox 808 1857 903 1916; x_wconf 89' lang='lat' dir='ltr'><strong>ungue</strong></span> <span class='ocrx_word' id='word_1_156' title='bbox 924 1837 1037 1915; x_wconf 90' lang='lat' dir='ltr'><strong>aliquid</strong></span> <span class='ocrx_word' id='word_1_157' title='bbox 1060 1837 1136 1896; x_wconf 75' lang='lat' dir='ltr'><strong>relic</strong></span> 
     </span>
     <span class='ocr_line' id='line_1_21' title="bbox 146 1909 1158 2002; baseline 0.003 -27"><span class='ocrx_word' id='word_1_158' title='bbox 146 1924 265 1994; x_wconf 83' lang='lat' dir='ltr'><strong>quatur,</strong></span> <span class='ocrx_word' id='word_1_159' title='bbox 282 1919 358 1994; x_wconf 93' lang='lat' dir='ltr'><strong>quod</strong></span> <span class='ocrx_word' id='word_1_160' title='bbox 374 1921 569 1982; x_wconf 82' lang='lat' dir='ltr'><strong>exulceratum</strong></span> <span class='ocrx_word' id='word_1_161' title='bbox 584 1924 634 1982; x_wconf 85' lang='lat' dir='ltr'><strong>vix</strong></span> <span class='ocrx_word' id='word_1_162' title='bbox 648 1909 871 2002; x_wconf 68' lang='lat' dir='ltr'><strong>ullam‘riciptau</strong></span> <span class='ocrx_word' id='word_1_163' title='bbox 885 1924 1083 1990; x_wconf 65' lang='lat' dir='ltr'><strong>curationem</strong></span> <span class='ocrx_word' id='word_1_164' title='bbox 1097 1919 1158 1984; x_wconf 80' lang='lat' dir='ltr'><strong>vals</strong></span> 
     </span>
     <span class='ocr_line' id='line_1_22' title="bbox 147 2001 1137 2084; baseline 0.006 -27"><span class='ocrx_word' id='word_1_165' title='bbox 147 2018 185 2058; x_wconf 86' lang='lat' dir='ltr'><strong>ex</strong></span> <span class='ocrx_word' id='word_1_166' title='bbox 202 2001 307 2076; x_wconf 86' lang='lat' dir='ltr'><strong>angulo</strong></span> <span class='ocrx_word' id='word_1_167' title='bbox 323 2003 475 2064; x_wconf 89' lang='lat' dir='ltr'><strong>caruncula</strong></span> <span class='ocrx_word' id='word_1_168' title='bbox 492 2005 819 2084; x_wconf 85' lang='lat' dir='ltr'><strong>quoqueabscindatur‚</strong></span> <span class='ocrx_word' id='word_1_169' title='bbox 837 2025 926 2084; x_wconf 88' lang='lat' dir='ltr'><strong>quae,</strong></span> <span class='ocrx_word' id='word_1_170' title='bbox 946 2006 971 2064; x_wconf 90' lang='lat' dir='ltr'><strong>si</strong></span> <span class='ocrx_word' id='word_1_171' title='bbox 988 2005 1137 2064; x_wconf 86' lang='lat' dir='ltr'><strong>vehemen-</strong></span> 
     </span>
     <span class='ocr_line' id='line_1_23' title="bbox 145 2083 1137 2168; baseline 0.005 -27"><span class='ocrx_word' id='word_1_172' title='bbox 145 2083 201 2142; x_wconf 86' lang='lat' dir='ltr'><strong>tius</strong></span> <span class='ocrx_word' id='word_1_173' title='bbox 214 2085 317 2164; x_wconf 87' lang='lat' dir='ltr'><strong>nuguis</strong></span> <span class='ocrx_word' id='word_1_174' title='bbox 334 2087 460 2164; x_wconf 80' lang='lat' dir='ltr'><strong>ducitur,</strong></span> <span class='ocrx_word' id='word_1_175' title='bbox 476 2091 619 2167; x_wconf 71' lang='lat' dir='ltr'><strong>aequitum</strong></span> <span class='ocrx_word' id='word_1_176' title='bbox 636 2089 760 2168; x_wconf 91' lang='lat' dir='ltr'><strong>ideoque</strong></span> <span class='ocrx_word' id='word_1_177' title='bbox 772 2089 890 2167; x_wconf 78' lang='lat' dir='ltr'><strong>decipit.</strong></span> <span class='ocrx_word' id='word_1_178' title='bbox 913 2088 1080 2162; x_wconf 82' lang='lat' dir='ltr'><strong>Abscissa,</strong></span> <span class='ocrx_word' id='word_1_179' title='bbox 1096 2105 1137 2166; x_wconf 92' lang='lat' dir='ltr'><strong>pa-</strong></span> 
     </span>
     <span class='ocr_line' id='line_1_24' title="bbox 145 2169 1136 2252; baseline -0.002 -22"><span class='ocrx_word' id='word_1_180' title='bbox 145 2173 207 2231; x_wconf 86' lang='lat' dir='ltr'><strong>teht</strong></span> <span class='ocrx_word' id='word_1_181' title='bbox 227 2169 373 2247; x_wconf 77' lang='lat' dir='ltr'><strong>foramen,</strong></span> <span class='ocrx_word' id='word_1_182' title='bbox 396 2189 449 2250; x_wconf 90' lang='lat' dir='ltr'><strong>per</strong></span> <span class='ocrx_word' id='word_1_183' title='bbox 472 2173 550 2250; x_wconf 93' lang='lat' dir='ltr'><strong>quod</strong></span> <span class='ocrx_word' id='word_1_184' title='bbox 576 2182 678 2251; x_wconf 88' lang='lat' dir='ltr'><strong>postea</strong></span> <span class='ocrx_word' id='word_1_185' title='bbox 704 2188 821 2252; x_wconf 86' lang='lat' dir='ltr'><strong>semper</strong></span> <span class='ocrx_word' id='word_1_186' title='bbox 844 2173 947 2232; x_wconf 90' lang='lat' dir='ltr'><strong>humor</strong></span> <span class='ocrx_word' id='word_1_187' title='bbox 971 2171 1136 2232; x_wconf 90' lang='lat' dir='ltr'><strong>descendit:</strong></span> 
     </span>
     <span class='ocr_line' id='line_1_25' title="bbox 146 2245 1137 2335; baseline -0.003 -19"><span class='ocrx_word' id='word_1_188' title='bbox 146 2245 256 2334; x_wconf 64' lang='lat' dir='ltr'><strong>alvoldo</strong></span> <span class='ocrx_word' id='word_1_189' title='bbox 278 2255 380 2316; x_wconf 85' lang='lat' dir='ltr'><strong>Graeci</strong></span> <span class='ocrx_word' id='word_1_190' title='bbox 404 2264 518 2316; x_wconf 82' lang='lat' dir='ltr'><strong>vocant.</strong></span> <span class='ocrx_word' id='word_1_191' title='bbox 556 2259 651 2316; x_wconf 91' lang='lat' dir='ltr'><strong>Verus</strong></span> <span class='ocrx_word' id='word_1_192' title='bbox 672 2275 745 2334; x_wconf 87' lang='lat' dir='ltr'><strong>ergo</strong></span> <span class='ocrx_word' id='word_1_193' title='bbox 765 2256 862 2334; x_wconf 89' lang='lat' dir='ltr'><strong>anguli</strong></span> <span class='ocrx_word' id='word_1_194' title='bbox 883 2256 946 2316; x_wconf 83' lang='lat' dir='ltr'><strong>linis</strong></span> <span class='ocrx_word' id='word_1_195' title='bbox 970 2259 1074 2335; x_wconf 89' lang='lat' dir='ltr'><strong>utique</strong></span> <span class='ocrx_word' id='word_1_196' title='bbox 1096 2272 1137 2314; x_wconf 83' lang='lat' dir='ltr'><strong>no</strong></span> 
     </span>
     <span class='ocr_line' id='line_1_26' title="bbox 146 2337 1158 2417; baseline 0.005 -21"><span class='ocrx_word' id='word_1_197' title='bbox 146 2337 271 2398; x_wconf 88' lang='lat' dir='ltr'><strong>scendus</strong></span> <span class='ocrx_word' id='word_1_198' title='bbox 287 2349 348 2414; x_wconf 91' lang='lat' dir='ltr'><strong>est,</strong></span> <span class='ocrx_word' id='word_1_199' title='bbox 369 2339 417 2417; x_wconf 88' lang='lat' dir='ltr'><strong>qui</strong></span> <span class='ocrx_word' id='word_1_200' title='bbox 430 2338 478 2399; x_wconf 89' lang='lat' dir='ltr'><strong>ubi</strong></span> <span class='ocrx_word' id='word_1_201' title='bbox 494 2341 564 2400; x_wconf 87' lang='lat' dir='ltr'><strong>satis</strong></span> <span class='ocrx_word' id='word_1_202' title='bbox 579 2341 723 2415; x_wconf 88' lang='lat' dir='ltr'><strong>constitit,</strong></span> <span class='ocrx_word' id='word_1_203' title='bbox 745 2357 802 2402; x_wconf 92' lang='lat' dir='ltr'><strong>non</strong></span> <span class='ocrx_word' id='word_1_204' title='bbox 819 2342 931 2400; x_wconf 90' lang='lat' dir='ltr'><strong>nimium</strong></span> <span class='ocrx_word' id='word_1_205' title='bbox 947 2339 1081 2399; x_wconf 91' lang='lat' dir='ltr'><strong>adducto</strong></span> <span class='ocrx_word' id='word_1_206' title='bbox 1097 2357 1158 2401; x_wconf 86' lang='grc' dir='ltr'><strong>ιιι</strong></span> 
     </span>
     <span class='ocr_line' id='line_1_27' title="bbox 146 2421 1140 2500; baseline 0.002 -21"><span class='ocrx_word' id='word_1_207' title='bbox 146 2439 223 2496; x_wconf 90' lang='lat' dir='ltr'><strong>gne,</strong></span> <span class='ocrx_word' id='word_1_208' title='bbox 251 2421 410 2500; x_wconf 89' lang='lat' dir='ltr'><strong>scalpellus</strong></span> <span class='ocrx_word' id='word_1_209' title='bbox 433 2421 610 2483; x_wconf 89' lang='lat' dir='ltr'><strong>adhibendus</strong></span> <span class='ocrx_word' id='word_1_210' title='bbox 635 2433 694 2492; x_wconf 89' lang='lat' dir='ltr'><strong>est;</strong></span> <span class='ocrx_word' id='word_1_211' title='bbox 719 2423 823 2484; x_wconf 90' lang='lat' dir='ltr'><strong>deinde</strong></span> <span class='ocrx_word' id='word_1_212' title='bbox 849 2425 892 2484; x_wconf 91' lang='lat' dir='ltr'><strong>sic</strong></span> <span class='ocrx_word' id='word_1_213' title='bbox 917 2423 1086 2484; x_wconf 85' lang='lat' dir='ltr'><strong>excidenda</strong></span> <span class='ocrx_word' id='word_1_214' title='bbox 1111 2440 1140 2482; x_wconf 91' lang='lat' dir='ltr'><strong>ea</strong></span> 
     </span>
     <span class='ocr_line' id='line_1_28' title="bbox 146 2503 1140 2585; baseline 0.005 -25"><span class='ocrx_word' id='word_1_215' title='bbox 146 2503 357 2581; x_wconf 87' lang='lat' dir='ltr'><strong>membranula,</strong></span> <span class='ocrx_word' id='word_1_216' title='bbox 384 2523 420 2566; x_wconf 92' lang='lat' dir='ltr'><strong>ne</strong></span> <span class='ocrx_word' id='word_1_217' title='bbox 449 2506 516 2585; x_wconf 94' lang='lat' dir='ltr'><strong>quid</strong></span> <span class='ocrx_word' id='word_1_218' title='bbox 541 2526 579 2567; x_wconf 87' lang='lat' dir='ltr'><strong>ex</strong></span> <span class='ocrx_word' id='word_1_219' title='bbox 601 2507 707 2583; x_wconf 88' lang='lat' dir='ltr'><strong>angulo</strong></span> <span class='ocrx_word' id='word_1_220' title='bbox 730 2507 868 2568; x_wconf 89' lang='lat' dir='ltr'><strong>laedatur.</strong></span> <span class='ocrx_word' id='word_1_221' title='bbox 911 2507 957 2568; x_wconf 82' lang='lat' dir='ltr'><strong>llo</strong></span> <span class='ocrx_word' id='word_1_222' title='bbox 979 2506 1090 2566; x_wconf 89' lang='lat' dir='ltr'><strong>deinde</strong></span> <span class='ocrx_word' id='word_1_223' title='bbox 1109 2524 1140 2565; x_wconf 86' lang='lat' dir='ltr'><strong>er</strong></span> 
     </span>
     <span class='ocr_line' id='line_1_29' title="bbox 146 2586 1140 2670; baseline 0.004 -27"><span class='ocrx_word' id='word_1_224' title='bbox 146 2586 233 2645; x_wconf 90' lang='lat' dir='ltr'><strong>melle</strong></span> <span class='ocrx_word' id='word_1_225' title='bbox 249 2586 430 2670; x_wconf 85' lang='lat' dir='ltr'><strong>linamentum</strong></span> <span class='ocrx_word' id='word_1_226' title='bbox 445 2590 657 2668; x_wconf 91' lang='lat' dir='ltr'><strong>superdandum</strong></span> <span class='ocrx_word' id='word_1_227' title='bbox 677 2600 738 2666; x_wconf 86' lang='lat' dir='ltr'><strong>est,</strong></span> <span class='ocrx_word' id='word_1_228' title='bbox 762 2608 907 2670; x_wconf 88' lang='lat' dir='ltr'><strong>supraque</strong></span> <span class='ocrx_word' id='word_1_229' title='bbox 924 2591 1095 2664; x_wconf 91' lang='lat' dir='ltr'><strong>linteolum,</strong></span> <span class='ocrx_word' id='word_1_230' title='bbox 1116 2597 1140 2648; x_wconf 88' lang='lat' dir='ltr'><strong>et</strong></span> 
     </span>
     <span class='ocr_line' id='line_1_30' title="bbox 146 2670 1185 2753; baseline 0.005 -27"><span class='ocrx_word' id='word_1_231' title='bbox 146 2678 194 2727; x_wconf 89' lang='lat' dir='ltr'><strong>aut</strong></span> <span class='ocrx_word' id='word_1_232' title='bbox 208 2670 330 2746; x_wconf 88' lang='lat' dir='ltr'><strong>spongia</strong></span> <span class='ocrx_word' id='word_1_233' title='bbox 346 2680 393 2730; x_wconf 90' lang='lat' dir='ltr'><strong>aut</strong></span> <span class='ocrx_word' id='word_1_234' title='bbox 408 2672 472 2730; x_wconf 87' lang='lat' dir='ltr'><strong>lana</strong></span> <span class='ocrx_word' id='word_1_235' title='bbox 487 2674 619 2734; x_wconf 87' lang='lat' dir='ltr'><strong>succida:</strong></span> <span class='ocrx_word' id='word_1_236' title='bbox 637 2674 834 2753; x_wconf 87' lang='lat' dir='ltr'><strong>proximisque</strong></span> <span class='ocrx_word' id='word_1_237' title='bbox 849 2674 949 2735; x_wconf 95' lang='lat' dir='ltr'><strong>diebus</strong></span> <span class='ocrx_word' id='word_1_238' title='bbox 963 2674 1140 2734; x_wconf 90' lang='lat' dir='ltr'><strong>diducendus</strong></span> <span class='ocrx_word' id='word_1_239' title='bbox 1184 2675 1185 2690; x_wconf 58' lang='lat'><strong>³</strong></span> 
     </span>
     <span class='ocr_line' id='line_1_31' title="bbox 147 2751 1161 2837; baseline 0.01 -27"><span class='ocrx_word' id='word_1_240' title='bbox 147 2751 274 2829; x_wconf 86' lang='lat' dir='ltr'><strong>quotidie</strong></span> <span class='ocrx_word' id='word_1_241' title='bbox 297 2751 398 2812; x_wconf 90' lang='lat' dir='ltr'><strong>oculus</strong></span> <span class='ocrx_word' id='word_1_242' title='bbox 421 2763 480 2830; x_wconf 88' lang='lat' dir='ltr'><strong>cst,</strong></span> <span class='ocrx_word' id='word_1_243' title='bbox 507 2775 542 2816; x_wconf 90' lang='lat' dir='ltr'><strong>ne</strong></span> <span class='ocrx_word' id='word_1_244' title='bbox 565 2758 699 2817; x_wconf 86' lang='lat' dir='ltr'><strong>cicatrice</strong></span> <span class='ocrx_word' id='word_1_245' title='bbox 721 2760 795 2818; x_wconf 91' lang='lat' dir='ltr'><strong>inter</strong></span> <span class='ocrx_word' id='word_1_246' title='bbox 817 2777 850 2818; x_wconf 86' lang='lat' dir='ltr'><strong>se</strong></span> <span class='ocrx_word' id='word_1_247' title='bbox 872 2757 1038 2837; x_wconf 89' lang='lat' dir='ltr'><strong>palpebrae</strong></span> <span class='ocrx_word' id='word_1_248' title='bbox 1058 2757 1161 2834; x_wconf 83' lang='lat' dir='ltr'><strong>gluti-a</strong></span> 
     </span>
     <span class='ocr_line' id='line_1_32' title="bbox 146 2837 1138 2920; baseline 0.004 -25"><span class='ocrx_word' id='word_1_249' title='bbox 146 2845 264 2906; x_wconf 87' lang='lat' dir='ltr'><strong>nentur;</strong></span> <span class='ocrx_word' id='word_1_250' title='bbox 287 2837 428 2914; x_wconf 90' lang='lat' dir='ltr'><strong>siquidem</strong></span> <span class='ocrx_word' id='word_1_251' title='bbox 449 2837 477 2897; x_wconf 91' lang='lat' dir='ltr'><strong>id</strong></span> <span class='ocrx_word' id='word_1_252' title='bbox 498 2857 613 2918; x_wconf 90' lang='lat' dir='ltr'><strong>quoque</strong></span> <span class='ocrx_word' id='word_1_253' title='bbox 630 2843 743 2900; x_wconf 88' lang='lat' dir='ltr'><strong>tertium</strong></span> <span class='ocrx_word' id='word_1_254' title='bbox 761 2841 920 2920; x_wconf 89' lang='lat' dir='ltr'><strong>periculum</strong></span> <span class='ocrx_word' id='word_1_255' title='bbox 940 2841 1076 2917; x_wconf 85' lang='lat' dir='ltr'><strong>accedit,</strong></span> <span class='ocrx_word' id='word_1_256' title='bbox 1095 2857 1138 2900; x_wconf 91' lang='lat' dir='ltr'><strong>eo·</strong></span> 
     </span>
     <span class='ocr_line' id='line_1_33' title="bbox 147 2920 1138 3002; baseline 0.001 -23"><span class='ocrx_word' id='word_1_257' title='bbox 147 2920 269 2999; x_wconf 90' lang='lat' dir='ltr'><strong>demque</strong></span> <span class='ocrx_word' id='word_1_258' title='bbox 286 2920 371 2980; x_wconf 92' lang='lat' dir='ltr'><strong>modo</strong></span> <span class='ocrx_word' id='word_1_259' title='bbox 387 2921 569 2982; x_wconf 89' lang='lat' dir='ltr'><strong>linamentum</strong></span> <span class='ocrx_word' id='word_1_260' title='bbox 590 2924 805 3002; x_wconf 90' lang='lat' dir='ltr'><strong>imponendum,</strong></span> <span class='ocrx_word' id='word_1_261' title='bbox 828 2943 863 2984; x_wconf 91' lang='lat' dir='ltr'><strong>ac</strong></span> <span class='ocrx_word' id='word_1_262' title='bbox 883 2927 1045 2985; x_wconf 79' lang='lat' dir='ltr'><strong>nouissime</strong></span> <span class='ocrx_word' id='word_1_263' title='bbox 1065 2926 1138 2983; x_wconf 90' lang='lat' dir='ltr'><strong>inun-</strong></span> 
     </span>
     <span class='ocr_line' id='line_1_34' title="bbox 146 3004 1138 3087; baseline 0.002 -25"><span class='ocrx_word' id='word_1_264' title='bbox 146 3004 274 3078; x_wconf 83' lang='lat' dir='ltr'><strong>gendum</strong></span> <span class='ocrx_word' id='word_1_265' title='bbox 287 3006 425 3083; x_wconf 77' lang='lat' dir='ltr'><strong>collyrio,</strong></span> <span class='ocrx_word' id='word_1_266' title='bbox 443 3021 499 3083; x_wconf 93' lang='lat' dir='ltr'><strong>quo</strong></span> <span class='ocrx_word' id='word_1_267' title='bbox 514 3005 613 3066; x_wconf 88' lang='lat' dir='ltr'><strong>ulcera</strong></span> <span class='ocrx_word' id='word_1_268' title='bbox 629 3007 663 3066; x_wconf 90' lang='lat' dir='ltr'><strong>ad</strong></span> <span class='ocrx_word' id='word_1_269' title='bbox 681 3009 845 3068; x_wconf 85' lang='lat' dir='ltr'><strong>cicatricem</strong></span> <span class='ocrx_word' id='word_1_270' title='bbox 860 3009 1067 3087; x_wconf 88' lang='lat' dir='ltr'><strong>perducantur.</strong></span> <span class='ocrx_word' id='word_1_271' title='bbox 1085 3004 1138 3066; x_wconf 90' lang='lat' dir='ltr'><strong>Sed</strong></span> 
     </span>
     <span class='ocr_line' id='line_1_35' title="bbox 63 3087 1138 3168; baseline 0.007 -27"><span class='ocrx_word' id='word_1_272' title='bbox 63 3109 67 3114; x_wconf 95' lang='lat'>·</span> <span class='ocrx_word' id='word_1_273' title='bbox 148 3101 181 3142; x_wconf 92' lang='lat' dir='ltr'><strong>ea</strong></span> <span class='ocrx_word' id='word_1_274' title='bbox 199 3089 307 3147; x_wconf 89' lang='lat' dir='ltr'><strong>curatio</strong></span> <span class='ocrx_word' id='word_1_275' title='bbox 329 3107 399 3148; x_wconf 84' lang='lat' dir='ltr'><strong>vere</strong></span> <span class='ocrx_word' id='word_1_276' title='bbox 415 3106 482 3149; x_wconf 91' lang='lat' dir='ltr'><strong>esse</strong></span> <span class='ocrx_word' id='word_1_277' title='bbox 501 3087 604 3165; x_wconf 90' lang='lat' dir='ltr'><strong>debet,</strong></span> <span class='ocrx_word' id='word_1_278' title='bbox 628 3099 676 3148; x_wconf 90' lang='lat' dir='ltr'><strong>aut</strong></span> <span class='ocrx_word' id='word_1_279' title='bbox 695 3100 776 3151; x_wconf 91' lang='lat' dir='ltr'><strong>certe</strong></span> <span class='ocrx_word' id='word_1_280' title='bbox 792 3102 857 3152; x_wconf 89' lang='lat' dir='ltr'><strong>ante</strong></span> <span class='ocrx_word' id='word_1_281' title='bbox 873 3093 1010 3152; x_wconf 89' lang='lat' dir='ltr'><strong>hiemem:</strong></span> <span class='ocrx_word' id='word_1_282' title='bbox 1035 3092 1072 3152; x_wconf 93' lang='lat' dir='ltr'><strong>de</strong></span> <span class='ocrx_word' id='word_1_283' title='bbox 1088 3105 1138 3168; x_wconf 85' lang='lat' dir='ltr'><strong>qua</strong></span> 
     </span>
     <span class='ocr_line' id='line_1_36' title="bbox 147 3167 1185 3249; baseline 0.006 -24"><span class='ocrx_word' id='word_1_284' title='bbox 147 3183 180 3222; x_wconf 87' lang='lat' dir='ltr'><strong>re</strong></span> <span class='ocrx_word' id='word_1_285' title='bbox 198 3167 234 3226; x_wconf 89' lang='lat' dir='ltr'><strong>ad</strong></span> <span class='ocrx_word' id='word_1_286' title='bbox 249 3169 331 3245; x_wconf 87' lang='lat' dir='ltr'><strong>plura</strong></span> <span class='ocrx_word' id='word_1_287' title='bbox 348 3170 415 3232; x_wconf 89' lang='lat' dir='ltr'><strong>ioca</strong></span> <span class='ocrx_word' id='word_1_288' title='bbox 438 3173 613 3249; x_wconf 83' lang='lat' dir='ltr'><strong>pertinente,</strong></span> <span class='ocrx_word' id='word_1_289' title='bbox 635 3174 726 3234; x_wconf 90' lang='lat' dir='ltr'><strong>semei</strong></span> <span class='ocrx_word' id='word_1_290' title='bbox 748 3174 857 3235; x_wconf 80' lang='lat' dir='ltr'><strong>dixisse</strong></span> <span class='ocrx_word' id='word_1_291' title='bbox 876 3179 945 3238; x_wconf 89' lang='lat' dir='ltr'><strong>satis</strong></span> <span class='ocrx_word' id='word_1_292' title='bbox 966 3177 1032 3236; x_wconf 89' lang='lat' dir='ltr'><strong>erit.</strong></span> <span class='ocrx_word' id='word_1_293' title='bbox 1071 3174 1160 3233; x_wconf 77' lang='lat' dir='ltr'><strong>uana</strong></span> <span class='ocrx_word' id='word_1_294' title='bbox 1184 3205 1185 3214; x_wconf 33' lang='grc' dir='ltr'>ι</span> 
     </span>
     <span class='ocr_line' id='line_1_37' title="bbox 149 3246 1137 3346; baseline 0.007 -39"><span class='ocrx_word' id='word_1_295' title='bbox 149 3246 204 3308; x_wconf 93' lang='lat' dir='ltr'><strong>duc</strong></span> <span class='ocrx_word' id='word_1_296' title='bbox 218 3267 327 3346; x_wconf 79' lang='lat' dir='ltr'><strong>genera</strong></span> <span class='ocrx_word' id='word_1_297' title='bbox 348 3257 523 3314; x_wconf 86' lang='lat' dir='ltr'><strong>curationum</strong></span> <span class='ocrx_word' id='word_1_298' title='bbox 544 3265 623 3314; x_wconf 89' lang='lat' dir='ltr'><strong>suut:</strong></span> <span class='ocrx_word' id='word_1_299' title='bbox 647 3257 703 3316; x_wconf 86' lang='lat' dir='ltr'><strong>alia</strong></span> <span class='ocrx_word' id='word_1_300' title='bbox 728 3258 756 3317; x_wconf 89' lang='lat' dir='ltr'><strong>iu</strong></span> <span class='ocrx_word' id='word_1_301' title='bbox 776 3259 879 3336; x_wconf 86' lang='lat' dir='ltr'><strong>quibus</strong></span> <span class='ocrx_word' id='word_1_302' title='bbox 896 3261 1008 3337; x_wconf 79' lang='lat' dir='ltr'><strong>eligere</strong></span> <span class='ocrx_word' id='word_1_303' title='bbox 1027 3268 1137 3334; x_wconf 91' lang='lat' dir='ltr'><strong>tempus</strong></span> 
     </span>
     <span class='ocr_line' id='line_1_38' title="bbox 147 3331 1135 3418; baseline 0.008 -30"><span class='ocrx_word' id='word_1_304' title='bbox 147 3331 306 3408; x_wconf 77' lang='lat' dir='ltr'><strong>nonlicet,</strong></span> <span class='ocrx_word' id='word_1_305' title='bbox 324 3334 375 3392; x_wconf 89' lang='lat' dir='ltr'><strong>sed</strong></span> <span class='ocrx_word' id='word_1_306' title='bbox 391 3336 523 3396; x_wconf 90' lang='lat' dir='ltr'><strong>utendum</strong></span> <span class='ocrx_word' id='word_1_307' title='bbox 542 3348 586 3398; x_wconf 93' lang='lat' dir='ltr'><strong>est</strong></span> <span class='ocrx_word' id='word_1_308' title='bbox 601 3356 653 3414; x_wconf 87' lang='lat' dir='ltr'><strong>eo,</strong></span> <span class='ocrx_word' id='word_1_309' title='bbox 676 3340 751 3418; x_wconf 88' lang='lat' dir='ltr'><strong>quod</strong></span> <span class='ocrx_word' id='word_1_310' title='bbox 772 3342 884 3411; x_wconf 88' lang='lat' dir='ltr'><strong>incidit;</strong></span> <span class='ocrx_word' id='word_1_311' title='bbox 905 3345 978 3403; x_wconf 89' lang='lat' dir='ltr'><strong>sicut</strong></span> <span class='ocrx_word' id='word_1_312' title='bbox 996 3343 1024 3402; x_wconf 90' lang='lat' dir='ltr'><strong>in</strong></span> <span class='ocrx_word' id='word_1_313' title='bbox 1040 3340 1135 3402; x_wconf 74' lang='lat' dir='ltr'><strong>vulne</strong></span> 
     </span>
     <span class='ocr_line' id='line_1_39' title="bbox 147 3414 1134 3504; baseline 0.005 -28"><span class='ocrx_word' id='word_1_314' title='bbox 147 3414 240 3476; x_wconf 88' lang='lat' dir='ltr'><strong>ribus:</strong></span> <span class='ocrx_word' id='word_1_315' title='bbox 258 3414 324 3494; x_wconf 84' lang='lat' dir='ltr'><strong>alia,</strong></span> <span class='ocrx_word' id='word_1_316' title='bbox 339 3417 368 3476; x_wconf 88' lang='lat' dir='ltr'><strong>in</strong></span> <span class='ocrx_word' id='word_1_317' title='bbox 383 3417 484 3496; x_wconf 89' lang='lat' dir='ltr'><strong>quibus</strong></span> <span class='ocrx_word' id='word_1_318' title='bbox 500 3421 594 3483; x_wconf 89' lang='lat' dir='ltr'><strong>nullus</strong></span> <span class='ocrx_word' id='word_1_319' title='bbox 609 3421 671 3482; x_wconf 90' lang='lat' dir='ltr'><strong>dies</strong></span> <span class='ocrx_word' id='word_1_320' title='bbox 687 3434 782 3502; x_wconf 90' lang='lat' dir='ltr'><strong>urget,</strong></span> <span class='ocrx_word' id='word_1_321' title='bbox 802 3435 832 3487; x_wconf 92' lang='lat' dir='ltr'><strong>et</strong></span> <span class='ocrx_word' id='word_1_322' title='bbox 847 3435 1020 3504; x_wconf 87' lang='lat' dir='ltr'><strong>exspectare</strong></span> <span class='ocrx_word' id='word_1_323' title='bbox 1034 3421 1134 3484; x_wconf 76' lang='lat' dir='ltr'><strong>tutiss&#39;r</strong></span> 
     </span>
    </p>
   </div>
   <div class='ocr_carea' id='block_1_3' title="bbox 1184 1051 1187 2670">
    <p class='ocr_par' dir='ltr' id='par_1_3' title="bbox 1184 1051 1187 2670">
     <span class='ocr_line' id='line_1_40' title="bbox 1184 1051 1187 2670; baseline 0 0"><span class='ocrx_word' id='word_1_324' title='bbox 1184 1051 1187 2670; x_wconf 95' lang='lat' dir='ltr'><strong> </strong></span> 
     </span>
    </p>
   </div>
   <div class='ocr_carea' id='block_1_4' title="bbox 0 0 1192 3892">
    <p class='ocr_par' dir='ltr' id='par_1_4' title="bbox 0 0 1192 3892">
     <span class='ocr_line' id='line_1_41' title="bbox 0 0 1192 3892; baseline 0 0"><span class='ocrx_word' id='word_1_325' title='bbox 0 0 1192 3892; x_wconf 95' lang='lat' dir='ltr'><strong> </strong></span> 
     </span>
    </p>
   </div>
  </div>
 </body>
</html>
