2384 3896
409 183 479 231 LIB.
497 185 527 231 V.
551 182 626 232 CAP-
643 185 702 232 XX.

401 309 586 401 oleon
621 340 707 400 xx,

470 460 506 511 De
521 459 636 526 pastillis.

117 599 146 658 1.
170 596 279 658 Pastilli
296 613 412 676 quoque
427 596 579 658 facultates
593 595 725 656 diversas
742 595 859 658 babent.
893 599 965 662 Sunt
976 602 1050 660 enim
1089 603 1091 607 ’

42 681 86 742 ad
103 683 237 742 recentia
253 681 372 742 vulnera
390 681 555 758 glutinanda
574 679 759 759 sanandaque
780 683 854 760 apti:
877 682 970 761 qualis
992 693 1049 759 est,
1111 749 1119 760 ,

10 795 27 835 5
43 767 101 846 qui
115 765 206 826 babet
218 765 396 841 chalcitidis,
412 766 500 842 misy,
512 781 631 844 spumae
647 764 729 842 uitri,
742 764 823 825 iloris
835 768 926 843 aeris,
942 766 1049 843 gallae,

45 851 187 910 aluminis
210 850 333 910 scissilis
353 849 467 914 modice
488 852 579 926 coeti,
603 847 779 926 singulorum
801 865 829 927 g.
849 851 906 928 )·(.
930 862 951 908 1.
974 851 1050 909 aeris

47 933 217 1010 combusti,
238 933 427 1012 espitnlomm
451 932 517 993 mali
538 933 653 1012 punici,
677 932 854 1010 singulorum
876 951 905 1012 p.
925 934 981 1013 )·(.
999 947 1049 994 111.

43 1017 138 1078 Hunc
154 1026 272 1096 oportet
290 1017 519 1092 diluereaoeto,
543 1033 580 1077 ac
594 1018 653 1092 sic,
675 1015 723 1076 ubi
738 1016 841 1076 vulnus
855 1017 1050 1094 glutinandum

46 1111 119 1176 est,
135 1101 251 1162 illinire.
300 1102 355 1180 At,
379 1102 404 1160 si
417 1117 560 1161 nervosus
575 1109 622 1161 aut
638 1100 822 1162 musculosus
843 1101 867 1160 is
889 1101 972 1160 locus
994 1111 1049 1177 est,

6 1209 36 1251 ιο
48 1185 234 1245 commodius
256 1194 319 1262 est,
347 1193 447 1245 cerato
464 1186 606 1263 miseere,
628 1185 689 1261 sic,
709 1193 741 1244 ut
758 1184 835 1246 illius
856 1194 924 1246 octo
940 1194 1049 1264 partes,

47 1285 134 1330 nona
149 1270 233 1346 hujus
249 1269 295 1330 sit.

121 1352 204 1412 Alius
219 1352 258 1414 ad
270 1353 345 1413 idem
363 1361 476 1414 constat
491 1371 529 1415 ex
543 1353 603 1414 bis.
620 1351 779 1428 bituminis,
805 1353 936 1414 aluminis
953 1353 1049 1415 scissi·

48 1437 93 1497 lis
102 1436 352 1535 ,singulorumrn
370 1437 427 1517 )·(
442 1451 465 1498 1.
482 1436 762 1517 aeriscombnstip.
786 1437 842 1515 )·(.
869 1451 914 1497 ιν.
931 1455 1050 1516 spumae
1151 1445 1153 1450 ’

50 1522 215 1599 argentin.
234 1520 290 1600 )·.(
306 1521 692 1592 x1.oleisextario.,

10 1619 40 1659 ιι
125 1605 154 1665 2.
177 1604 236 1665 Sed
248 1605 336 1682 longe
347 1605 487 1682 Polyidae
500 1605 707 1666 celeberrimus
717 1613 778 1680 est
797 1605 940 1686 σφραγίς
957 1569 1050 1665 autem

53 1691 235 1748 nominatur
252 1706 299 1768 qur
292 1688 401 1749 babet
416 1689 547 1750 aluminis
563 1689 727 1768 scissilisp
744 1690 798 1768 )·(.
814 1702 837 1750 1.
857 1711 880 1752 s.
902 1689 1051 1749 atramenti

53 1774 206 1850 sutoriip.
223 1772 279 1851 )·(.
297 1785 335 1834 11.
353 1772 485 1848 myrrhae
512 1792 541 1852 p.
563 1774 619 1851 )·.(
637 1787 669 1834 v.
691 1773 773 1834 aloes
794 1773 982 1848 tantumdem,
1002 1789 1049 1832 ca·

53 1855 215 1936 pitulorum
231 1857 328 1936 punici
342 1858 426 1935 mali,
450 1857 529 1918 fellis
550 1856 670 1934 taurini,
694 1858 871 1935 singulorum
887 1877 915 1938 p.
930 1859 986 1938 )·(.
1003 1868 1049 1918 ιιι.

55 1958 136 2020 quae
151 1942 274 2002 contrita
291 1941 357 2000 vino
373 1951 490 2002 austero
507 1943 689 2021 excipiuntur
706 1942 786 2021 (Gal.
802 1941 836 2002 S.
852 1943 887 2002 G.
904 1941 948 2018 V,
967 1940 1031 2020 12).

12 2046 44 2092 aa
122 2025 161 2087 3.Ι
176 2025 221 2085 Ad
236 2025 337 2086 ulcera
354 2026 487 2102 sordida,
509 2034 540 2086 et
557 2027 699 2103 nigritiem
720 2027 749 2085 in
769 2027 901 2100 auribus,
922 2024 1050 2101 naribus,

55 2107 196 2170 obscenis
217 2109 365 2190 partibus,
387 2109 682 2188 inflammationesque
704 2126 818 2169 eorum:
847 2108 1050 2184 chrysocollae

53 2212 88 2273 p.
109 2192 165 2271 )·(.
182 2205 205 2253 1.
222 2194 370 2254 atramenti
387 2194 504 2270 sutorii,
520 2192 650 2253 aluminis
668 2192 806 2269 scissilis,
822 2193 999 2269 singulorum
1021 2210 1049 2269 p.

55 2278 116 2356 )·(.
134 2290 169 2336 11.
181 2276 479 2337 halicaccabi'cortieis
492 2293 522 2356 p.
534 2276 590 2357 )·(.
603 2289 648 2337 ιν.
662 2277 738 2336 ιιιίιιίί
754 2293 782 2355 ρ.
800 2277 855 2354 )-(.
871 2289 916 2335 vt.
932 2292 1051 2353 spumae

57 2362 174 2437 argenti
190 2378 218 2440 p.
234 2363 292 2442 )·(.
307 2373 368 2421 xrr.
385 2379 524 2422 cerussae
541 2380 569 2440 p.
587 2360 644 2440 )·(.
667 2372 740 2421 xvr.
763 2377 838 2440 guae
858 2377 895 2420 ex
916 2367 1001 2419 aceto
1022 2366 1052 2417 et

18 2473 46 2514 2
59 2452 221 2522 coguntur,
237 2453 282 2521 et,
299 2443 346 2505 ubi
362 2444 496 2505 utendum
513 2452 574 2520 est,
594 2444 745 2504 diluuntur

124 2531 155 2589 4.
176 2527 321 2588 Andronis
336 2546 408 2588 vero
425 2536 470 2588 est
484 2528 521 2588 ad
535 2546 618 2588 uvam
633 2527 845 2604 inflammatam,
862 2528 897 2589 ad
912 2528 1051 2588 naturalia
1088 2535 1092 2542 ‘

57 2610 191 2689 sordida,
213 2613 298 2672 etiam
314 2628 420 2672 canere
436 2611 612 2673 laborantia:
637 2611 751 2690 gallae,
774 2615 922 2686 atramenti
938 2613 1051 2689 sutorii,
1099 2653 1101 2657 -

57 2696 210 2772 myrrhae,
230 2686 452 2775 singulorump
470 2697 525 2774 )·.(
542 2710 565 2756 1.
582 2696 804 2775 aristolochiae,
826 2697 956 2759 aluminis
980 2699 1051 2757 scis·

57 2781 138 2858 silis,
165 2780 391 2859 singulorump
423 2780 478 2859 )·(.
524 2793 562 2840 11.
593 2781 782 2860 capitulorum
812 2783 908 2860 punici
928 2780 994 2840 mali
1021 2798 1050 2858 p.
1087 2794 1092 2806 ·

22 2889 49 2932 ao
35 2865 116 2946 o·)(
133 2878 213 2924 xxv.
229 2883 275 2939 ¹en
290 2881 378 2943 passo
396 2874 513 2941 coacta,
531 2874 576 2940 et,
593 2881 679 2943 quum
694 2883 763 2925 usus
779 2866 887 2940 exigit,
903 2873 987 2924 aceto
1004 2863 1052 2922 vel

60 2951 128 3008 vino
142 2948 246 3025 diluta,
272 2957 358 3027 prout
381 2949 523 3009 valentius
544 2957 592 3009 aut
614 2949 709 3010 levius
729 2949 826 3009 vitium
846 2957 906 3024 est,
930 2948 976 3006 oui
991 2963 1050 3006 me·

61 3032 184 3096 dendum
199 3042 245 3092 est
263 3030 358 3111 (ibid
361 3033 388 3112 ).
627 3045 628 3050 ¹
779 3083 781 3087 ,

123 3117 151 3176 5.
175 3114 295 3196 Proprie
312 3126 407 3176 autem
422 3117 458 3178 ad
473 3118 615 3196 sortisse,
630 3117 678 3177 vel
696 3133 747 3178 ora
759 3133 895 3177 venarum
906 3115 1052 3201 fundentia

61 3200 246 3278 sanguinem,
270 3202 459 3302 aeruginisp.
479 3202 536 3281 )·(.
556 3214 593 3262 11.
610 3200 789 3280 myrrhaep
804 3203 861 3281 )·.(
877 3194 938 3261 x1'1.
961 3201 1051 3278 stibis,

24 3311 51 3354 sn
60 3285 196 3346 lacrumae
210 3287 382 3364 papaveris,
404 3287 540 3360 acaciae,
562 3284 739 3362 singulorum
759 3304 788 3364 p
806 3287 862 3366 )-(.
880 3299 950 3347 xvr.
977 3303 1052 3364 quae

61 3387 99 3430 ex
122 3369 188 3427 rino
211 3377 240 3428 et
261 3377 406 3446 teruntur,
430 3378 460 3430 et
475 3370 503 3430 in
518 3371 582 3448 ipso
598 3385 651 3430 usu
670 3367 852 3450 deliquantur
876 3371 931 3447 (ol.
951 3368 1070 3430 lbid.:'

60 3452 209 3514 Pastillus
224 3451 344 3532 Darii).

101 3557 203 3600 causus.
451 3607 454 3614 Δ
865 3537 902 3596 12
