2384 3896
361 245 365 254 ·
385 221 455 270 cre.
470 221 502 268 u.
519 221 594 268 ose.
615 221 736 269 xxvmn
984 209 1044 268 ute

40 385 166 450 temen,
189 392 260 451 nec,
285 374 340 434 nisi
361 391 465 451 magna
485 373 573 454 plage
598 383 658 451 est,
679 375 788 452 imponi
810 373 926 434 dehent.
959 372 1044 434 (iom-

41 458 139 520 mode
154 475 227 520 vero
243 457 292 520 vel
307 473 395 536 super
410 457 578 533 linamenta,
599 457 647 517 vel
662 457 780 517 siuelris
795 459 949 536 imponitur
963 458 1044 518 lenti·

41 531 118 604 es‘rla
134 559 173 602 ex
190 541 293 617 melle,
317 550 364 602 aut
377 540 554 602 malicorium
573 559 610 601 ex
624 543 691 600 vino
706 550 834 603 coctum:
858 557 932 620 quse
949 550 978 600 et
992 559 1045 620 per

41 644 84 686 se
107 634 139 686 et
157 627 245 686 mixta
269 625 371 686 idonea
393 633 466 690 suut.
497 625 528 684 st
551 642 605 703 qua
629 627 706 685 circa
729 625 844 684 duriora
861 633 942 701 sunt,
959 625 994 685 ad
1010 641 1045 684 ea

14 708 209 770 emollienda
231 708 394 770 selmalva
409 709 548 783 contrita,
563 707 611 768 vel
630 709 708 768 ioeni
723 709 823 785 graeci
841 707 929 766 linire
946 725 1045 768 semes

44 810 89 852 ex
105 809 196 872 passo
214 801 327 852 coctum
342 789 552 871 superdandum
571 801 625 851 est.
652 791 794 870 Quidquid
810 791 913 851 deinde
928 793 1045 870 imposi-

43 884 109 936 tum
133 885 194 951 eet,
217 892 276 936 nou
290 876 446 954 adstringi,
464 876 515 936 sed
529 875 642 935 modice
659 875 781 952 deligari
796 875 893 936 delict.
926 874 980 934 lllo
993 873 1045 934 'rte-

43 960 156 1018 miuem
175 959 271 1040 decipi
288 959 390 1037 decet,
404 969 435 1019 ut
449 960 477 1018 in
492 958 548 1020 hoc
563 977 674 1036 genere
686 968 785 1019 cerato
796 967 897 1019 utatur.
929 956 1045 1032 Cetera,

45 1059 129 1120 quae
145 1043 290 1121 pertinent
304 1043 338 1103 ad
353 1041 529 1120 purgandum
547 1044 645 1118 ulcus,
664 1043 699 1102 ad
717 1041 906 1120 implendum,
922 1040 957 1102 ad
971 1045 1045 1100 cica-

4 1139 33 1180 ro
47 1126 157 1186 tricem
182 1123 387 1202 inducendam,
405 1127 579 1186 conueniunt
594 1143 669 1204 quae
688 1128 716 1186 iu
732 1125 898 1186 vulneribus
912 1125 1045 1205 exposita

45 1217 118 1268 sunt
133 1209 216 1287 (cap.
233 1208 273 1270 26
289 1218 318 1269 et
335 1209 400 1288 27).

119 1291 167 1363 ts,
191 1291 408 1370 Nonnumquam
425 1303 518 1353 autem
534 1310 572 1352 ex
587 1291 728 1368 ejusmodi
745 1291 945 1367 abscessibus,
966 1300 1047 1352 etex

45 1374 117 1456 aliis
132 1375 262 1436 ulcerum
275 1376 433 1452 generibus
444 1377 558 1437 listulas
570 1377 707 1436 oriuntur.
734 1375 766 1436 ld
777 1393 881 1434 nomen
894 1384 941 1435 est
954 1375 1046 1434 ulceri

29 1458 132 1533 alto,
150 1468 289 1535 augusto,
307 1457 429 1520 calloso.
453 1459 499 1521 Fit
514 1461 541 1519 in
557 1461 633 1519 omni
649 1459 712 1518 iere
731 1467 813 1538 parte
829 1461 978 1538 corporis:
997 1457 1046 1517 ha·

9 1554 36 1600 ts
48 1540 163 1620 ltetquc
180 1540 320 1620 quaedam
334 1544 363 1602 in
378 1543 500 1620 singulis
516 1543 728 1623 locispropria.
753 1541 878 1602 Priusde
893 1542 1046 1601 communi-

47 1624 107 1684 bus
129 1625 232 1686 dicem.
270 1625 383 1688 Genera
405 1627 493 1704 igitur
513 1627 669 1688 fistularum
695 1628 778 1706 plura
799 1632 876 1687 eunt:
907 1623 1047 1706 siquidem

46 1708 127 1769 aliae
153 1707 364 1784 interereunt,
389 1711 463 1771 aliae
478 1711 562 1772 altius
579 1719 744 1789 penetrant;
764 1711 838 1771 aliae
864 1719 944 1771 recte
972 1711 1046 1769 intus

46 1792 200 1866 feruutur,
218 1791 291 1856 aliae
308 1793 458 1871 multoque
472 1795 570 1873 plures
586 1803 787 1862 transversam
810 1793 883 1854 aliae
899 1793 1046 1872 simplices

15 1885 21 1896 ’
48 1883 134 1950 sunt,
153 1874 227 1936 alise
240 1874 370 1954 duplices
385 1878 570 1957 triplicesue,
588 1877 623 1938 alr
635 1895 692 1938 uno
710 1894 762 1938 ore
778 1893 879 1953 orsae,
897 1879 1047 1938 autetiam

9 1971 38 2014 ao
49 1960 81 2018 iu
97 1958 198 2036 plures
213 1959 291 2019 mnus
306 1960 480 2022 dividuntur:
503 1962 577 2022 aliae
592 1971 702 2038 rectae,
723 1961 797 2022 aliae
819 1960 923 2034 denae,
943 1969 972 2020 et
987 1969 1046 2018 tor·

46 2052 156 2102 tuosec
173 2051 251 2111 sunm
274 2043 349 2104 alise
368 2045 442 2106 iutra
466 2063 580 2106 carnem
602 2043 841 2120 desinunt,aliae
858 2042 978 2103 adosse
999 2050 1047 2102 aut

47 2124 253 2202 cartilaginem
274 2136 440 2206 penetrant,
464 2137 527 2201 aut,
552 2128 598 2188 ubi
613 2137 742 2188 neutrum
764 2127 865 2187 luorum
879 2125 994 2200 subest,
1011 2125 1046 2184 ad

46 2210 189 2270 interiora
205 2212 391 2289 perveniuut;
411 2212 486 2272 aliae
511 2211 614 2272 deinde
629 2211 733 2286 facile,
756 2210 829 2270 aliae
846 2228 908 2272 cum
924 2207 1045 2269 dildcul·

47 2301 111 2354 tate
132 2293 385 2373 curentur,'atque
401 2297 486 2356 etiam
503 2294 642 2374 quaedam
658 2293 834 2354 insanabiles
850 2293 1044 2372 reperiuntur.

13 2376 199 2455 ”Expedite
216 2380 325 2439 curatio
341 2387 386 2439 cst
401 2381 429 2439 io
445 2380 539 2440 fistula
551 2379 673 2458 simplici
687 2377 813 2454 recenti,
830 2378 901 2436 intra
915 2393 1044 2435 carnem:

49 2461 228 2538 adunatque
243 2463 335 2541 ipsam
346 2479 470 2543 corpus,
489 2464 513 2522 si
524 2463 670 2537 juvenile,
686 2463 710 2521 si
726 2463 833 2522 firmum
849 2469 903 2520 est.
928 2459 1043 2520 lnimica

49 2545 197 2604 contraria
220 2543 265 2605 his
283 2554 360 2606 suut:
382 2548 522 2625 itemque,
544 2548 569 2606 si
584 2545 678 2606 listula
693 2561 742 2624 os,
760 2544 808 2605 vel
830 2544 1043 2621 cartilaginem,

48 2626 98 2686 vel
115 2644 251 2706 nervum,
267 2629 316 2689 vel
331 2631 490 2690 musculum
505 2631 604 2697 laesit;
622 2631 646 2690 si
662 2628 811 2690 articulum
827 2629 997 2708 occupavit;
1022 2627 1046 2684 si

49 2710 100 2770 vel
123 2709 159 2769 ad
181 2714 323 2788 vesicam,
345 2713 393 2773 vel
415 2714 451 2775 ad
474 2714 653 2794 pulmonem,
675 2712 722 2773 vel
743 2711 779 2772 ad
796 2711 925 2789 vulvam,
941 2711 989 2770 vel
1009 2708 1046 2769 ad

15 2803 40 2846 tu
51 2792 183 2871 grandes
205 2811 295 2856 venas
318 2796 492 2875 arteriasve,
514 2797 562 2857 vel
588 2796 624 2857 ad
639 2798 747 2874 inania,
764 2805 793 2856 ut
810 2805 925 2874 guttur,
943 2792 1046 2854 stomu'·

50 2876 156 2954 chum,
182 2877 329 2940 thoracem
351 2882 523 2957 penetrauit.
554 2879 601 2940 Ad
623 2883 755 2941 intestina
771 2896 886 2959 quoque
908 2895 970 2937 eam
985 2885 1046 2934 ten·

50 2959 143 3035 dere,
163 2979 282 3040 semper
302 2964 514 3043 periculosum,
538 2982 627 3043 saepe
652 2964 819 3044 pestiferum
845 2969 899 3020 cst.
937 2957 1046 3034 Quibus

49 3044 170 3106 multum
185 3046 251 3106 mali
273 3046 403 3123 accedit,
424 3050 449 3109 si
467 3067 575 3128 corpus
589 3049 637 3108 vel
652 3063 786 3124 aegrum,
808 3043 856 3106 sel
872 3043 980 3118 senile,
998 3041 1046 3100 vel

49 3127 117 3188 mali
134 3127 249 3190 habitus
271 3140 325 3191 est.
359 3131 436 3194 Aule
458 3134 551 3192 omnia
567 3142 662 3192 autem
675 3130 783 3190 demitti
804 3127 998 3208 specillumin
1016 3126 1047 3184 ir-

19 3212 157 3272 uetulum
171 3215 318 3292 convenit,
333 3224 363 3276 ut
380 3231 437 3294 quo
456 3216 563 3296 tendat,
582 3225 611 3276 et
626 3232 709 3294 quam
722 3213 780 3274 alte
796 3211 955 3292 perveniat,
970 3212 1048 3270 scire

51 3297 214 3373 possimus:
232 3298 315 3360 simul
335 3300 419 3360 etiam
438 3301 569 3378 protinus
581 3298 711 3371 humida,
723 3315 760 3357 au
774 3298 881 3357 siccior
895 3297 946 3356 sit:
970 3290 1055 3373 quod·

52 3388 187 3440 extracto
207 3382 333 3461 specillo
349 3391 437 3464 patet.
466 3383 498 3444 st
512 3399 584 3444 vcro
601 3401 634 3443 os
649 3383 678 3440 iu
691 3383 788 3442 vicino
806 3390 865 3457 est,
888 3379 916 3439 id
932 3392 1046 3457 quoque

52 3461 126 3522 disci
140 3473 240 3542 potest
256 3469 280 3528 si
289 3470 350 3543 jam
361 3484 415 3528 uec
426 3485 463 3528 ne
476 3481 513 3527 so
527 3464 622 3524 listula
634 3463 845 3540 penetraverit,
867 3473 895 3522 et
909 3468 1048 3540 quatenus
