2384 3896
384 193 452 242 cre.
469 193 501 241 v.
525 193 600 242 oar.
615 193 689 242 mx.
971 185 1029 244 1⁷5

32 357 117 404 v111.
140 317 276 422 squamae
297 347 376 408 aeris
397 366 426 426 p.
448 349 505 426 )·(.
528 361 600 408 xva
629 317 977 412 resinaeterebiuthinae
999 370 1028 430 p.

31 430 219 506 )·(.·uxxv.
235 448 338 508 cerae,
357 440 386 491 et
402 433 464 490 seui
479 432 526 492 vel
542 434 643 494 taurini
658 433 705 494 vel
720 433 836 508 hircini,
853 434 1030 510 singulorum
1154 466 1158 476 ι

57 555 66 569 .
105 523 192 572 ·.G.

32 531 54 590 p
84 512 156 656 )1(6.
185 595 332 658 Hecataeo
351 615 467 676 quoque
489 609 607 662 auctore
623 599 807 678 emplastrum
820 602 938 676 generis
954 603 1029 677 ejus·

9 679 107 746 nalem
128 681 161 738 lit
183 698 220 740 ex
242 681 302 740 his:
325 681 442 759 galbani
458 703 488 762 p.
505 684 560 762 )·(.
576 698 613 743 11.
636 683 765 760 fuliginis
778 685 849 744 turis
866 701 894 761 p.
910 684 965 761 )·(.
982 693 1028 744 tv.

35 765 118 841 picis
135 782 163 842 p.
183 764 239 841 )·(.
256 777 302 824 vt.
321 783 423 844 cerae,
439 777 467 826 et
484 769 599 830 resinae
615 767 838 844 terebinthinae,
852 768 1030 844 singulorum

35 867 66 926 p.
84 847 144 928 )·(.
160 861 232 908 vlu.
250 847 353 927 quibus
367 851 481 928 paulum
497 853 559 910 irini
575 853 712 928 unguenti
725 852 870 913 miscetur.

107 934 157 992 17.
185 932 354 1012 Valensque
367 932 402 994 ad
422 934 496 996 idem
512 935 695 1014 emplastrum
710 934 801 994 viride
816 933 1029 994 alexandrinum

33 1025 94 1074 est.
141 1015 235 1076 Habet
254 1017 386 1076 aluminis
406 1019 528 1080 scissilis
548 1035 576 1097 p.
599 1019 653 1098 )·(.
676 1031 748 1078 vm.
773 1017 843 1078 salis
863 1019 1030 1080 ammoniaci

7 1127 23 1168 a
35 1119 65 1178 p.
82 1102 144 1178 )·(.
162 1114 237 1160 vt11.
257 1119 283 1160 u.
308 1119 442 1180 squamae
464 1104 540 1164 aeris
563 1122 591 1184 p.
609 1105 663 1182 )·(.
684 1115 753 1162 xvu.
774 1101 923 1177 myrrhae,
949 1104 1029 1175 turis,

33 1184 222 1260 singulorum
237 1203 267 1262 p.
283 1187 339 1263 )·(.
357 1200 452 1248 uvt11.
471 1205 558 1248 cerae
575 1205 602 1264 p.
618 1189 674 1266 )·(.
692 1199 744 1246 ou.
760 1187 874 1247 resinae
890 1185 1030 1264 colopho·

33 1269 143 1327 uiacae
158 1276 205 1328 aut
223 1271 324 1345 pineae
342 1287 371 1348 p
387 1271 440 1348 )·(.
457 1283 507 1331 oo,
522 1270 580 1331 olei
594 1271 751 1346 heminam,
776 1273 850 1330 aceti
865 1271 1029 1330 sextarium.

103 1349 156 1412 18.
197 1352 341 1426 Quaedam
365 1363 458 1416 autern
487 1364 552 1416 suut
577 1354 734 1432 emplastra
760 1353 926 1428 exedentia,
956 1369 1030 1432 quae

34 1427 152 1514 σηπτά
177 1435 280 1496 Graeci
305 1446 422 1498 vocant:
457 1440 542 1517 quale
564 1446 609 1502 est
632 1438 674 1515 id,
704 1435 781 1514 quod
806 1435 893 1498 habet
917 1439 1030 1496 resinae

10 1567 18 1574 .
34 1518 269 1596 terebinthinae,
284 1519 411 1598 iuligiais
422 1524 508 1599 turis,
524 1522 701 1598 singulorum
718 1539 746 1598 p.
761 1539 785 1580 u.
802 1537 936 1598 squamae
955 1521 1030 1578 aeris

34 1622 63 1682 p.
93 1603 156 1682 )·(.
178 1617 201 1664 1.
231 1602 324 1666 ladani
351 1622 378 1683 p.
399 1607 457 1686 )·(.
476 1619 512 1668 11.
538 1606 668 1667 aluminis
693 1603 880 1680 tantumdem,
911 1619 1029 1682 spumae

35 1688 155 1764 argenti
171 1706 199 1765 p.
215 1688 271 1768 )·(.
289 1701 334 1747 lv.

102 1772 153 1833 ta.
178 1771 269 1832 Exest
284 1773 368 1834 etiam
383 1773 569 1836 vehementer
585 1791 707 1854 corpus,
725 1782 811 1852 atque
828 1790 898 1834 ossa
914 1788 1029 1850 quoque

36 1855 180 1932 resolvit,
197 1865 226 1918 et
242 1868 512 1936 supercrescentem
527 1876 640 1919 carnem
656 1867 775 1918 coercet
790 1858 833 1934 id,
851 1856 927 1935 quod
943 1853 1031 1914 habet

4 1957 164 2018 aospumae
184 1942 311 2018 argenti,
337 1959 471 2019 squamae
486 1941 561 2002 aeris
576 1943 673 2006 uncias
689 1941 832 2018 singulas,
854 1941 918 2000 nitri
935 1942 1030 2016 ignem

37 2041 95 2082 non
118 2021 251 2102 experti,
274 2025 378 2102 lapidis
392 2024 470 2106 assii,
483 2025 688 2086 aristolochiae
698 2033 732 2104 'p.
749 2032 912 2098 sextantes,
935 2040 1030 2096 cerae,

36 2108 158 2168 resinae
173 2107 398 2187 terebinthinae,
421 2107 508 2185 turis',
530 2109 587 2171 olei
606 2109 731 2184 veteris,
754 2106 902 2167 atramenti
917 2106 1029 2178 sutorii,
1070 2167 1074 2174 ,

37 2191 110 2250 salis
132 2193 302 2253 ammoniaci
323 2210 352 2271 p.
369 2212 394 2253 s.
411 2193 555 2269 aeruginis
576 2210 660 2253 rasae
675 2210 703 2271 p.
720 2191 853 2266 bessem,
874 2190 949 2251 aceti
964 2187 1029 2248 scil·

38 2275 111 2334 litioi
127 2275 286 2351 heminam,
303 2277 361 2336 vini
374 2278 476 2336 aminei
493 2275 673 2340 tantumdem.

7 2381 30 2420 aa
105 2359 159 2421 20.
182 2361 252 2422 Sunt
268 2362 350 2420 etiam
366 2361 505 2420 adversus
520 2377 633 2420 morsus
648 2359 785 2438 quaedam
801 2353 1030 2420 accommodam

40 2443 126 2519 quale
157 2451 202 2502 est
222 2443 362 2521 Diogenis
386 2447 511 2521 nigrum,
538 2444 614 2523 quod
636 2443 723 2504 habet
744 2443 902 2518 bituminis,
932 2455 1030 2509 cerae,

39 2528 158 2586 resinae
171 2529 273 2606 pineae
286 2528 398 2606 aridae,
414 2529 593 2606 singulorum
607 2546 636 2607 p.
649 2529 700 2606 )·(.
714 2539 772 2588 xx.
788 2522 1031 2614 spumaeargenti

42 2629 68 2688 p.
91 2612 150 2689 )·(.
172 2611 284 2672 colet
306 2614 468 2674 sextarium.
513 2613 571 2673 Aut
590 2614 617 2672 in
638 2629 695 2691 quo
715 2619 780 2671 sunt
799 2625 935 2688 squamae
955 2605 1032 2676 aeris

41 2713 68 2771 p.
86 2695 145 2772 )·(.
162 2708 207 2754 tv.
231 2713 385 2770 cerussae,
407 2705 437 2756 et
450 2699 597 2774 aeruginis
612 2714 712 2772 rasae,
737 2694 914 2772 singulorum
930 2706 959 2768 p.
975 2688 1030 2766 )·(.

11 2791 116 2839 aov111.
142 2781 309 2840 ammoniaci
329 2797 357 2857 p.
376 2782 431 2858 )·(.
447 2795 507 2842 ΧΠ.
531 2782 771 2858 cerae,·resiuae
794 2781 911 2857 pineae,
935 2774 1031 2847 singu·

41 2861 134 2922 lorum
152 2882 179 2941 p.
196 2864 251 2941 )·(.
269 2877 350 2924 xxv.
366 2883 483 2942 spumae
500 2866 611 2942 argenti
629 2883 658 2944 p.
675 2866 730 2943 )·(.
747 2875 777 2924 c.
794 2862 852 2922 olei
867 2857 1031 2918 sextarium.

42 2944 99 3004 hut
114 2947 144 3004 in
158 2964 215 3024 quo
227 2955 292 3007 sunt
307 2965 442 3025 squamae
452 2949 530 3010 aeris
547 2967 574 3026 p.
588 2951 643 3026 )·(.
656 2962 725 3008 utu.
744 2945 859 3024 galbani
875 2960 903 3020 p.
917 2941 971 3016 )·(.
985 2949 1030 2996 VI·

44 3046 198 3106 cerussae,
220 3040 250 3092 et
271 3034 418 3108 aeruginis
440 3051 540 3108 rasae,
563 3033 742 3109 singulorum
761 3027 951 3109 p.)·(.V111.
974 3039 1030 3081 am·

44 3115 165 3174 moniaci
188 3133 217 3192 p.
240 3116 297 3194 )·(.
312 3129 374 3176 xu.
398 3135 499 3194 cerae,
524 3119 639 3178 resinae
659 3118 780 3194 pineae,
804 3107 981 3187 singulorum
1003 3123 1031 3183 p.

15 3195 97 3277 e)·(.
115 3212 221 3260 xxxv.
234 3201 339 3278 Spuma
355 3202 468 3278 argenti
487 3202 685 3278 concoquitur.
1050 3225 1052 3229 v

105 3282 155 3342 21.
187 3283 314 3345 Rubrum
333 3301 447 3363 quoque
462 3285 661 3362 emplastrum,
684 3281 762 3361 quod
775 3280 932 3360 Ephesium
946 3291 1032 3334 voca·

45 3373 104 3440 tur,
126 3366 183 3426 huc
206 3377 302 3445 aptum
322 3378 376 3428 est.
399 3367 506 3428 llabet
526 3369 639 3426 resinae
654 3365 863 3427 terebinthinae
879 3381 907 3442 p.
925 3359 1031 3454 )·(31b

46 3449 161 3523 galbani
183 3452 346 3530 p.)-(.1v.
369 3452 446 3510 minii
469 3452 592 3530 sinopici
616 3469 644 3528 p.
667 3452 722 3530 )·(.
744 3463 791 3510 vt.
815 3449 885 3508 turis
905 3443 1033 3516 iuligrars
