2392 3906
318 283 320 288 .
383 233 770 289 n1n.11.ou1³.x111.x1v.
1034 233 1074 294 59

57 393 178 474 piades
193 394 395 472 praeceperit:
417 392 486 452 nibil
502 401 597 455 tamen
610 399 764 472 repererit,
783 398 860 476 qnod
881 415 937 458 non
960 416 976 458 a
996 408 1075 459 vetu-

57 480 199 538 stissimo
225 490 344 542 auctore
371 481 548 561 Hippocrate
570 479 632 564 (Dc
652 479 732 562 offic.
752 483 831 543 med.
856 484 887 561 ς.
920 483 971 564 li)
1007 501 1074 562 pau·

57 564 110 623 cis
125 561 230 622 verbis
242 561 482 641 comprehensum
494 565 545 622 sit:
558 563 606 641 qui
618 562 697 640 dixit,
713 563 869 639 frictione,
882 567 907 625 si
919 567 1074 626 vehemens

57 649 114 722 sit,
136 646 236 707 durari
253 663 377 725 corpus;
401 643 528 723 silenis,
548 646 668 716 molliri;
693 649 718 706 si
734 647 836 726 multa,
852 650 951 718 minui:
975 653 999 710 si
1014 667 1073 708 mo·

35 731 155 806 edica,
173 730 311 809 impleri'.
333 730 470 808 Sequitur
486 748 575 808 ergo,
595 740 626 791 ut
640 739 698 790 tum
712 730 844 792 utendum
860 735 911 809 sit,
927 752 1009 812 quum
1027 743 1074 794 aut

59 814 308 891 adstringendum
324 832 432 894 corpus
448 815 500 890 sit,
521 815 598 894 quod
615 814 709 875 hebes
728 825 788 885 est;
811 825 859 876 aut
878 817 1073 893 molliendum,

60 899 146 980 quod
164 898 304 963 induruit:
328 907 375 958 aut
390 898 578 976 digerendum
594 901 622 958 in
638 917 690 976 eo,
707 900 784 980 quod
800 903 884 979 copia
900 909 1000 970 nocet;
1027 910 1074 961 aut

60 983 204 1045 alendum
220 983 259 1057 id,
276 981 355 1061 quod
370 991 455 1042 tenue
472 990 501 1042 et
518 983 658 1043 infirmum
674 992 728 1044 est.
759 985 837 1059 Quas
849 993 944 1044 tamen
957 985 1073 1064 species

64 1070 95 1128 si
112 1069 176 1146 quis
194 1068 339 1127 curiosius
354 1068 502 1142 aestimet,
526 1068 603 1146 quod
620 1069 680 1143 jam
704 1068 739 1128 ad
756 1067 897 1128 medicum
913 1085 969 1128 non
985 1071 1072 1146 perti·

29 1181 58 1221 10
70 1160 135 1228 net,
149 1149 237 1220 facile
255 1150 414 1228 intelliget,
430 1168 531 1212 omnes
547 1169 584 1211 ex
600 1171 654 1213 una
670 1170 756 1212 causa
771 1152 917 1230 pendere,
935 1171 1008 1232 quae
1023 1151 1072 1212 de·

67 1237 137 1304 mit;
159 1253 224 1296 nam
248 1243 276 1294 et
298 1235 485 1312 adstringitur
506 1235 627 1315 aliquid,
643 1251 679 1295 ec
697 1235 810 1313 demto,
827 1237 903 1316 qnod
919 1238 1071 1316 interposi·

63 1329 138 1394 tum,
157 1327 188 1379 ut
202 1318 231 1379 id
248 1319 403 1395 laxaretur,
421 1319 572 1387 effecerat:
589 1330 618 1380 et
633 1320 769 1396 mollitur,
785 1338 821 1380 eo
837 1320 978 1396 detracto,
995 1319 1073 1399 quod

61 1404 202 1470 duritiem
216 1403 351 1471 creabat:
368 1412 396 1463 et
407 1402 554 1483 impletur,
569 1423 627 1464 non
639 1405 703 1482 ipsa
715 1405 862 1480 frictione,
881 1404 933 1465 sed
943 1421 979 1464 eo
994 1405 1072 1482 cibo,

62 1490 116 1568 qui
134 1496 242 1568 postea
265 1505 356 1567 nsque
380 1485 416 1547 ad
439 1495 549 1563 cutem,
572 1487 737 1565 digestione
759 1488 880 1568 quadam
902 1489 1070 1563 relaxatam,

29 1579 217 1653 repenetrat.
246 1571 431 1631 Diversarum
454 1587 525 1630 vero
546 1589 640 1631 rerum
662 1573 688 1631 in
704 1572 789 1632 modo
805 1589 890 1632 causa
908 1582 961 1632 est.
993 1572 1072 1632 Inter

64 1658 237 1718 unctionem
254 1665 347 1716 autem
364 1662 394 1714 et
408 1653 572 1715 frictionem
588 1656 703 1716 multum
718 1658 848 1717 interest.
884 1657 962 1733 Ungi
984 1658 1070 1731 enim,

62 1741 234 1820 leniterque
256 1739 427 1819 pertractari
449 1755 572 1818 corpus,
596 1741 680 1799 etiam
701 1741 729 1800 in
750 1742 841 1802 acutis
858 1750 886 1801 et
905 1740 1071 1800 recentibus

61 1824 180 1886 morbis
204 1833 335 1902 oportet;
360 1825 388 1882 in
410 1825 580 1883 remissione
595 1833 706 1900 tamen,
730 1833 759 1884 et
773 1833 839 1884 ante
856 1825 965 1884 cibum:
982 1825 1070 1902 longa

62 1927 138 1970 vero
155 1907 291 1968 frictione
309 1908 356 1984 uti,
375 1925 468 1985 neque
487 1908 515 1966 in
530 1909 621 1968 acutis
636 1908 756 1985 morbis,
771 1927 866 1988 neque
882 1909 1069 1970 increscenti·
1118 1941 1120 1948 ,

28 2018 54 2060 ιο
64 1993 121 2054 bus
134 1994 287 2061 convenit;
306 1999 508 2070 praeterquam
520 2010 604 2071 quum
618 1993 793 2071 phreneticis
807 2011 923 2053 somnus
935 2012 968 2053 ea
983 2009 1069 2071 quae·

62 2079 148 2140 ritur.
180 2076 265 2136 Amat
285 2085 378 2136 antem
397 2075 455 2135 hoc
482 2076 616 2135 auxilium
638 2076 774 2137 valetudo
795 2076 899 2154 longa,
922 2078 1028 2152 etjam
1053 2093 1068 2134 a

62 2164 160 2242 primo
177 2162 286 2238 impetu
297 2159 444 2220 inclinata.
473 2157 576 2238 Neque
589 2161 693 2236 ignoro
706 2159 846 2239 quosdam
857 2160 967 2235 dicere,
985 2177 1069 2220 omne

63 2245 204 2306 auxilium
220 2245 417 2304 necessarium
433 2260 500 2302 esse
513 2244 744 2303 increscentibus
762 2243 888 2318 morbis,
911 2262 969 2303 non
984 2261 1069 2323 quum

65 2331 126 2406 jam
147 2347 201 2408 per
223 2346 255 2388 se
277 2327 418 2387 liniuntur.
454 2326 538 2401 Quod
557 2343 615 2386 non
635 2328 673 2387 ita
694 2326 841 2388 sehabet.
874 2327 974 2386 Potest
994 2327 1069 2386 enim

35 2411 202 2489 remorbus,
225 2413 308 2471 etiem
329 2412 377 2491 qui
398 2428 452 2489 per
474 2428 508 2470 se
528 2411 613 2470 linem
628 2409 775 2471 habiturus
790 2420 850 2487 est,
874 2412 957 2471 citius
974 2420 1068 2471 tamen

69 2495 193 2558 adhibito
207 2496 315 2556 euxilio
332 2493 409 2554 tolli:
429 2493 504 2574 quod
520 2494 629 2554 duabus
642 2495 678 2554 de
691 2497 785 2556 causis
799 2497 994 2556 necessarium
1006 2503 1066 2562 est;

66 2591 97 2642 et
117 2590 147 2640 ut
170 2597 255 2659 quam
276 2580 396 2659 primum
410 2577 486 2638 bona
503 2579 637 2639 valetudo
654 2582 816 2657 contingat;
843 2589 872 2639 et
887 2598 923 2640 ne
939 2577 1066 2652 morbus,

65 2668 114 2744 qui
135 2673 281 2740 remanet,
311 2664 428 2739 iterum,
449 2664 579 2740 quamvis
601 2663 659 2722 levi
681 2663 717 2722 de
740 2681 843 2739 causa,
866 2672 1066 2743 exasperetur.

63 2749 168 2812 Potest
185 2745 304 2810 morbus
325 2748 417 2806 minus
439 2748 538 2823 gravis
554 2766 637 2823 esse,
660 2765 744 2826 quam
767 2748 868 2823 fuerit,
890 2749 985 2825 neque
1000 2746 1067 2806 ideo

29 2831 164 2902 solamen
181 2831 272 2907 solvi,
296 2830 348 2892 sed
364 2830 494 2908 reliqniis
511 2831 678 2909 quibusdam
693 2832 862 2908 inhaerere,
884 2849 955 2912 quas
970 2830 1066 2906 admo·

63 2928 125 2980 tum
147 2915 264 2995 aliquod
278 2914 422 2974 auxilium
445 2913 587 2976 discutiat.
617 2913 675 2974 Sed
695 2924 740 2991 ut,
765 2915 860 2976 levata
884 2932 998 2994 quoque
1019 2912 1066 2972 ud-

63 3020 153 3063 versa
170 2999 352 3074 valetudine,
369 3007 450 3058 recte
463 2998 560 3059 frictio
577 2997 740 3067 adhibetur;
764 3002 806 3058 sic
822 3017 969 3076 numquam
987 2997 1065 3058 adbi-

63 3085 160 3146 benda
184 3092 230 3144 est
250 3083 334 3142 febre
353 3083 550 3142 increscente:
573 3101 688 3160 verum,
711 3085 736 3142 si
759 3084 821 3143 fieri
842 3085 965 3161 poterit,
982 3100 1066 3161 quum

65 3189 104 3232 ex
118 3161 305 3245 toto'cdrpus
321 3184 356 3226 ea
370 3166 499 3236 vacabit;
511 3169 557 3227 sin
566 3169 670 3243 minus,
692 3177 772 3228 certe
788 3184 872 3246 quum
890 3185 924 3226 ea
948 3169 1064 3226 remise-

32 3257 113 3323 serit.
146 3251 256 3312 Eadem
280 3258 373 3310 antem
392 3250 477 3310 modo
499 3252 527 3318 in
545 3257 613 3311 totis
631 3251 803 3329 corporibus
820 3269 886 3310 esse
909 3250 1013 3326 debet,
1037 3259 1066 3309 ut

67 3357 153 3418 quum
171 3338 298 3396 infirmus
314 3333 416 3412 aliquis
430 3334 606 3414 implendus;
623 3335 709 3395 modo
726 3335 911 3414 inpartibus,
935 3345 982 3394 ant
999 3336 1064 3412 quia

68 3425 131 3498 ejus
145 3422 237 3500 ipsius
252 3416 371 3478 membri
385 3417 568 3478 imbecillitas
586 3420 615 3479 id
630 3419 767 3498 requirit,
791 3427 838 3479 aut
853 3420 919 3496 quia
933 3419 1063 3478 alterins.

68 3505 139 3568 llam
164 3513 193 3565 et
220 3503 322 3582 capitis
348 3501 455 3580 longos
477 3501 595 3562 dolores
618 3504 708 3582 ipsius
728 3504 824 3564 frictio
847 3503 938 3570 levat3
961 3517 1018 3560 non
1035 3502 1065 3560 ln
