2392 3906
341 205 409 272 urs.
425 205 476 254 111.
501 205 577 254 oar.
592 204 694 254 xxm.
957 193 1015 255 tta

34 368 75 422 est
94 359 175 420 etism
195 359 243 420 vel
266 359 438 438 plantaginis
459 375 563 420 succus
586 376 640 438 per
660 378 710 437 se,
732 361 781 422 rel
803 359 937 425 marrubii
952 377 1016 421 cum

33 443 113 504 melle
133 444 276 511 incoctus;
308 445 346 503 ita
367 453 395 503 ut
416 443 492 503 illius
516 443 637 516 cyathus
661 444 829 521 sorbeatur,
861 446 946 520 hujus
966 462 1014 506 co·

33 527 142 586 ohleare
162 527 278 605 plenum
299 527 434 605 paulatim
454 525 631 602 delingatur;
655 529 703 588 vel
724 529 799 588 inter
813 547 846 588 se
862 530 964 602 mixta,
986 536 1016 586 et

32 611 136 670 incocta
156 611 269 670 resinae
290 609 499 670 terebinthinae
523 626 590 687 pars
611 611 741 686 dimidia,
762 611 907 686 butyriet
921 611 1016 672 mellis

16 707 92 771 spara
107 694 206 754 altera.
239 695 333 755 Aluus
350 695 406 754 cita
422 693 520 772 utiquc
535 694 649 754 vitanda
664 704 710 754 est
729 694 783 774 (cl.
800 694 878 773 Aple.
895 694 932 768 V,
950 696 1014 772 14).

31 777 152 836 Vomitus
166 779 194 836 in
211 777 267 838 hoc
276 784 378 839 morbo
390 779 544 856 frequens,
563 779 745 856 perniciosus
758 789 818 853 est,
834 779 1015 855 maximeque

32 862 167 937 sanguinis
185 861 239 938 (ci.
255 861 305 938 lll,
323 863 374 938 27,
393 862 438 940 4).
472 860 527 934 Qut
542 861 727 922 meliusculus
745 880 811 922 esse
829 861 940 940 coepit,
967 860 1015 920 ad·

29 946 113 1020 jioere
134 945 224 1005 debet
245 947 486 1020 exercitationes,
510 944 676 1022 frictiones,
700 946 798 1006 cibos:
828 945 931 1006 deiude
952 947 1016 1022 ipsa

32 1046 77 1102 se,
92 1045 250 1107 suppresso
266 1031 367 1108 spiritu
383 1028 436 1105 (ci.
457 1027 571 1088 Oribas.
586 1038 607 1088 t.
626 1028 657 1105 l,
676 1048 704 1108 p.
725 1030 819 1108 656),
840 1028 1015 1107 perfricarer

16 1111 74 1203 adiu
90 1113 265 1174 abstineres
283 1114 365 1190 vinu,
381 1112 505 1188 balneo,
520 1131 639 1174 venere.

332 1351 516 1414 CAPUT
549 1351 715 1422 XXIII.

370 1465 406 1516 Dc
426 1466 550 1517 Comitiali
565 1468 662 1518 morbo.

86 1617 163 1678 luter
178 1616 345 1679 notissimos
360 1618 478 1678 morbos
497 1628 542 1680 est
559 1621 643 1680 etiam
659 1622 700 1695 is,
720 1619 767 1698 qui
785 1617 952 1691 comitialis,
970 1614 1018 1674 vel

33 1703 116 1777 major
142 1703 323 1780 nominatur„
347 1702 440 1762 Homo
465 1702 560 1764 subito
586 1704 727 1772 concidit;
761 1721 798 1762 ex
823 1719 875 1760 ore
899 1717 1018 1778 spumae

17 1795 191 1858 thoracatum¹
216 1786 320 1848 deiude
340 1787 513 1866 interposito
532 1797 668 1866 tempore
686 1786 721 1848 ad
743 1804 776 1846 se
797 1785 889 1859 redit,
915 1793 944 1842 et
965 1800 1019 1861 per

35 1870 140 1949 seipse
164 1872 323 1946 consurgit.
360 1871 391 1930 ld
417 1890 510 1948 genus
534 1874 651 1952 saepius
672 1872 767 1946 viros,
795 1886 877 1948 quam
898 1867 1018 1926 feminas

16 1964 156 2032 :occupat
201 1953 248 2015 Ac
263 1955 342 2014 solet
368 1956 482 2034 quidem
507 1957 592 2015 etiam
614 1956 731 2032 longum
754 1971 839 2028 esse,
866 1965 958 2028 usque
982 1947 1019 2008 ad

34 2039 121 2098 mortis
146 2039 239 2114 diem,
271 2047 301 2098 et
321 2039 398 2098 vitae
422 2056 480 2098 non
502 2039 715 2118 periculosum;
750 2037 889 2096 interdum
914 2043 1019 2108 tamen,

36 2137 110 2198 quum
128 2140 234 2182 recens
250 2130 311 2197 est,
337 2122 479 2182 hominem
499 2124 654 2182 consumit:
676 2131 708 2182 et
724 2138 812 2198 saepe
829 2137 910 2191 eum,
932 2118 956 2176 si
973 2134 1019 2174 re·

17 2204 117 2265 tnedia
133 2223 190 2265 non
211 2204 405 2282 sustulerunt,
432 2207 461 2264 in
483 2208 582 2284 pueris
603 2206 737 2278 veneris,
764 2205 792 2261 in
814 2201 921 2280 puellis
942 2216 1019 2257 men·

36 2297 165 2349 atruorum
187 2291 297 2349 initium
316 2289 392 2349 tollit
416 2290 471 2366 (oi.
488 2287 567 2367 Aple.
584 2288 626 2363 v,
646 2291 692 2367 7).
730 2286 815 2346 blodo
833 2301 896 2343 oum
913 2283 1019 2342 disten·

17 2372 103 2432 *tione
124 2391 279 2434 nervorum
299 2373 459 2450 prolabitur
474 2373 593 2450 aliquis,
619 2372 704 2431 modo
724 2371 785 2430 sine
803 2368 862 2427 illa.
900 2364 1020 2438 Quidam

37 2453 82 2515 hos
101 2459 216 2536 quoque
239 2457 357 2533 iisdem,
382 2457 485 2536 quibus
502 2457 698 2532 lethargicos,
723 2454 851 2514 excitare
868 2457 1019 2510 conantur:
1033 2487 1055 2508 .

38 2539 103 2615 quod
130 2541 284 2601 admodum
310 2557 522 2620 supervacuum
546 2549 605 2608 est;
640 2548 670 2598 et
694 2539 760 2616 quia
785 2553 823 2595 ne
844 2532 1021 2608 lethargicus

18 2624 139 2698 squidem
155 2624 200 2684 his
219 2633 349 2693 sanatur;
376 2623 405 2683 et
423 2625 504 2702 quia,
529 2641 615 2702 quum
631 2623 725 2701 possit
741 2621 791 2680 ille
806 2634 957 2696 numquam
971 2633 1020 2674 ex·

40 2710 169 2784 pergisci,
191 2717 280 2786 atque
302 2710 340 2768 ita
364 2709 440 2768 lame
463 2708 598 2782 interire,
622 2707 670 2766 hic
687 2705 781 2766 adse
802 2703 900 2780 utique
921 2715 1021 2758 rever·

18 2790 104 2848 titur.
137 2791 193 2852 Ubi
216 2791 343 2852 concidit
366 2792 487 2870 aliquis,
513 2793 538 2850 si
556 2791 633 2851 nulla
654 2806 807 2849 nervorum
823 2785 957 2846 distentio
974 2798 1022 2840 ae·
1071 2853 1075 2862 ¹

40 2876 133 2950 cessit,
156 2879 255 2955 utique
278 2877 396 2952 sanguis
419 2877 490 2934 mitti
511 2875 615 2935 dehet:
638 2876 662 2932 si
684 2872 826 2945 accessit,
849 2884 906 2926 non
923 2867 1022 2941 utique

40 2957 178 3018 mittendus
191 2969 253 3036 est,
271 2961 326 3018 nisi
338 2960 394 3018 alia
406 2975 523 3037 quoque
535 2958 693 3017 hortantur.
712 2951 917 3014 Necessarium
929 2955 1022 3006 autem

19 3048 79 3098 nco
95 3042 198 3102 ducere
216 3044 326 3120 alvum,
347 3042 397 3102 rel
411 3043 494 3119 nigro
511 3050 628 3100 veratro
646 3055 789 3118 purgare,
809 3033 856 3092 vel
872 3039 1023 3106 utrumque

41 3121 148 3203 iecere,
171 3127 196 3185 si
218 3127 295 3186 vires
318 3127 477 3204 patiuntur:
499 3135 568 3184 tuuc
584 3131 671 3201 caput
688 3120 827 3192 tondere,
851 3115 978 3192 oleoque
994 3120 1023 3210 et

19 3241 21 3250 ‚
42 3218 115 3267 aceto
136 3227 317 3288 perungere:
350 3209 443 3269 cibum
465 3217 533 3286 post
554 3207 629 3266 diem
650 3206 780 3282 tertium,
809 3199 894 3259 simul
913 3203 1024 3294 trausqt

42 3288 104 3349 hora
118 3309 171 3369 qua
186 3295 327 3370 concidit,
345 3293 424 3354 dare.
456 3291 559 3368 Neque
578 3289 753 3348 sorbitiones
770 3293 866 3346 autern
883 3281 945 3356 his,
963 3278 1022 3376 alu·

43 3389 91 3449 que
110 3375 214 3437 molles
241 3388 270 3437 et
289 3371 393 3437 faciles
416 3374 489 3449 cibi,
518 3390 612 3449 neque
634 3387 719 3447 caro,
744 3369 916 3443 minimeque
939 3361 1023 3421 surlla

19 3460 182 3528 resolvente
209 3462 261 3522 sed
280 3461 393 3520 mediae
417 3457 568 3518 materiae:
591 3473 656 3516 uam
681 3463 710 3514 et
729 3451 838 3514 viribus
857 3464 938 3525 opus
961 3452 1022 3518 est,

82 3561 171 3602 causus
189 3565 211 3606 n
