2444 3904
427 217 496 264 orn.
512 219 534 264 1.
552 217 625 264 one.
636 219 663 268 1.
1024 204 1061 266 13

66 369 128 430 Sed
145 379 177 429 et
193 379 302 447 cetera,
319 391 390 450 quae
405 372 490 432 modo
505 375 533 432 in
548 373 621 430 vivis
636 374 776 448 cognosci
789 381 924 451 possunt,
948 373 976 430 in
992 373 1063 450 ipsis

66 453 267 523 curationibus
283 457 493 516 vulneratorum
509 456 595 535 paulo
610 456 727 532 tardius,
746 456 797 515 sed
813 458 956 534 aliquanto
970 457 1063 514 mitius

67 557 138 598 usus
154 542 221 615 ipse
236 540 413 599 monstrabit.
445 540 494 600 llis
512 541 683 618 propositis,
702 542 821 619 primurn
839 540 946 614 dicam,
967 556 1062 618 quern·

68 623 226 682 admodum
240 640 328 684 sanos
343 641 432 701 agere
448 626 614 685 conveniat:
641 632 698 682 tum
718 623 754 683 ad
774 642 809 683 ea
828 624 973 700 transibo,
990 640 1063 700 quae

45 707 107 770 sad
122 705 246 766 morbos
262 709 481 786 curationesque
500 725 597 768 eorum
614 708 804 784 pertinebunt.

432 944 675 1006 OAPUTI.

340 1060 449 1118 Qualiter
467 1077 494 1110 se
511 1077 587 1112 senus
606 1079 681 1129 agere
702 1065 798 1113 debeat.

136 1213 227 1273 Sanus
242 1211 339 1288 borno,
355 1215 402 1291 qui
417 1222 446 1272 et
461 1213 536 1273 bene
551 1215 637 1290 valet,
657 1224 686 1274 et
700 1233 769 1274 suae
785 1217 897 1293 spontis
908 1221 964 1289 est,
980 1213 1064 1272 nullis
1108 1251 1111 1258 -

71 1297 206 1374 obligare
230 1314 262 1356 se
285 1296 398 1373 legibus
419 1297 520 1365 debet;
543 1316 577 1358 ac
597 1316 691 1376 neque
712 1297 841 1375 medico,
862 1315 956 1376 neque
978 1298 1064 1374 alipta

34 1400 175 1459 coegere.
205 1380 288 1440 Hunc
303 1389 418 1459 oportet
433 1383 540 1441 varium
554 1381 661 1441 habere
680 1383 756 1442 vitae
772 1399 879 1458 genus:
902 1381 987 1441 modo
1007 1382 1065 1440 ruri
1123 1385 1125 1392 '

68 1484 149 1542 esse,
166 1464 253 1524 modo
271 1466 299 1522 in
314 1464 402 1541 urbe,
419 1467 592 1544 saepiusque
615 1468 643 1524 in
664 1465 751 1543 agtb3
779 1468 933 1543 navigare,
954 1464 1064 1539 venari,

71 1551 228 1628 quiescere
243 1548 397 1624 interdum,
419 1547 470 1608 sed
492 1548 669 1627 frequentius
691 1569 723 1608 se
744 1567 902 1608 exercere:
925 1547 1064 1625 siquidem

70 1635 187 1710 ignavia
205 1649 310 1710 corpus
324 1631 454 1708 hebetat,
469 1632 551 1692 labor
563 1635 653 1694 firmat
665 1634 767 1713 (Hipp.
782 1631 855 1692 Vt'ct.
868 1639 928 1692 rot.
942 1631 978 1706 ll,
992 1631 1064 1708 60);

70 1717 120 1778 illa
144 1725 284 1776 maturam
305 1725 495 1792 senectutem,
519 1717 566 1776 bic
589 1717 701 1794 longam
725 1717 948 1778 adolescentiam
963 1714 1065 1774 reddit.
1151 1773 1155 1782 ,

35 1823 58 1862 15
68 1802 197 1862 Prodest
214 1802 296 1859 etiam
317 1800 453 1860 interdurn
474 1801 595 1876 balneo,
617 1801 755 1860 interdum
776 1803 857 1878 aquis
878 1800 990 1877 frigidis
1011 1799 1064 1863 uti;

67 1886 157 1946 modo
172 1887 257 1961 ungi,
273 1883 356 1943 modo
372 1884 399 1942 id
414 1886 506 1962 ipsum
523 1886 689 1962 negligere;
712 1883 819 1944 nullum
841 1883 896 1944 cibi
917 1901 1008 1960 genus
1023 1882 1064 1940 lu·

67 1989 154 2048 gere,
175 1985 232 2046 quo
248 1968 371 2047 populus
388 1977 495 2037 utatur3
521 1970 659 2028 interdum
676 1969 704 2028 in
726 1971 860 2028 convivio
877 1985 959 2043 esse,
979 1967 1065 2024 inter·
1134 2017 1140 2031 ,
1174 1986 1179 1998 ·

68 2055 136 2114 dum
148 2052 186 2113 ab
202 2071 238 2112 eo
255 2070 287 2110 se
301 2051 465 2121 retrahere;
484 2052 569 2111 modo
588 2053 653 2131 plus
664 2055 755 2129 justo,
772 2052 856 2112 modo
872 2069 929 2110 non
945 2049 1065 2127 amplius

68 2154 237 2204 assumere;
253 2135 297 2194 bis
309 2134 354 2194 die
367 2139 472 2214 potius,
489 2153 572 2214 quarn
588 2136 676 2196 semel
693 2135 786 2195 cibum
802 2145 922 2212 capere,
947 2142 976 2192 et
993 2148 1064 2191 sem-

36 2251 59 2290 20
69 2241 125 2302 per
140 2237 225 2299 quarn
241 2220 407 2298 plurimum,
430 2218 580 2278 dummodo
604 2220 677 2279 bunc
694 2226 864 2296 concoquat.
898 2216 955 2276 Sed
970 2225 1000 2274 ut
1016 2214 1065 2273 hu·

67 2309 118 2380 jus
139 2306 258 2380 generis
273 2303 496 2363 exercitationes
514 2302 626 2381 cibique
641 2305 798 2362 necessarii
815 2308 893 2368 sunt:
917 2303 959 2359 sic
975 2297 1065 2358 athle-

73 2390 126 2447 tici
139 2388 320 2466 supervacui:
364 2405 426 2446 nam
440 2396 468 2448 et
482 2389 674 2462 intermissus,
696 2395 817 2464 propter
840 2383 940 2443 civiles
956 2383 1065 2459 aliquas

73 2473 281 2547 necessitates,
301 2471 372 2530 ordo
397 2471 610 2530 exercitationis
626 2487 732 2548 corpus
755 2469 872 2545 aflligit:
896 2475 925 2526 et
944 2485 978 2526 ea
1000 2482 1064 2525 cor·

70 2573 159 2634 pora,
180 2573 255 2633 quae
272 2572 351 2614 more
367 2571 465 2614 eorum
480 2554 593 2632 repleta
609 2562 683 2629 sunt,
699 2553 849 2614 celerrime
861 2561 892 2610 et
899 2559 1064 2624 senescunt,

36 2665 59 2704 a
71 2649 101 2699 et
116 2647 281 2716 aegrotant.

135 2722 314 2783 Concubitus
329 2739 400 2782 vero
417 2740 512 2801 neque
529 2723 613 2781 nimis
628 2721 890 2800 concupiscendus,
911 2735 1004 2797 neque
1026 2719 1065 2774 ni·

68 2811 123 2867 mis
142 2807 390 2886 pertimescendus
406 2815 466 2866 est:
487 2807 568 2866 rarus
585 2823 692 2884 corpus
711 2807 830 2872 excitat:
853 2805 990 2880 frequens
1008 2801 1065 2860 sol-

69 2895 120 2951 vit.
155 2891 249 2965 Quum
264 2899 356 2950 autem
371 2891 510 2969 frequens
524 2907 582 2950 non
597 2907 715 2950 numero
732 2891 778 2965 sit,
797 2888 849 2947 sed
864 2888 973 2947 ratione
990 2893 1065 2943 aeta·

69 2977 106 3036 tis
121 2973 154 3035 e't
169 2975 314 3052 corporis,
332 2976 407 3034 scire
423 2974 510 3051 licet,¹
521 2991 584 3034 eum
599 2990 656 3032 non
670 2974 796 3032 inutilem
808 2989 885 3045 esse,
903 2986 987 3047 quem
1002 2985 1064 3028 cor·

38 3062 152 3139 coporis
177 3076 272 3136 neque
293 3059 430 3135 languor,
451 3076 545 3136 neque
571 3057 654 3116 dolor
674 3059 810 3134 sequitur.
847 3053 925 3114 ldern
945 3051 1077 3110 interdiu

70 3145 157 3222 pejor
176 3151 231 3218 est,
247 3151 334 3202 noctu
352 3145 454 3201 tutior:
470 3143 508 3200 ita
521 3152 631 3216 tamen,
651 3143 675 3199 si
690 3158 783 3219 neque
798 3139 876 3199 illum
900 3136 995 3211 cibus,
1017 3154 1065 3195 ne·
1114 3138 1123 3158 ¹

71 3246 128 3306 que
142 3227 224 3286 bunc
240 3245 302 3286 curn
319 3226 419 3303 vigilia
435 3224 519 3286 labor
535 3227 627 3284 statim
643 3227 780 3303 sequitur,
814 3223 893 3283 Haec
908 3222 995 3280 firmis
1007 3238 1065 3280 ser·

71 3311 166 3372 cauda
183 3319 261 3378 sunt:
279 3310 504 3386 cavendumque,
521 3327 557 3368 ne
575 3311 602 3367 in
614 3308 739 3369 secunda
751 3306 914 3368 valetudine
927 3304 1065 3364 adversae

73 3394 228 3474 praesidia¹
239 3403 447 3454 consumantur.
