2396 3904
364 169 432 218 um.
448 169 521 218 vm.
537 168 612 218 ear.
627 171 804 222 xvn--xx
991 165 1052 228 350

38 314 189 395 debent,
205 321 252 398 qui
266 321 315 382 vel
329 323 358 382 in
373 325 518 402 priorem,
534 322 583 383 vel
598 325 631 384 in
642 325 836 404 posteriorem
847 336 958 405 partem
973 334 1051 393 exci-

40 400 180 472 derunt;
203 412 261 464 tum
277 406 337 480 iam
358 408 452 486 palma
475 407 639 485 compella
660 417 690 468 nt
709 409 749 485 id,
765 411 841 487 quod
857 414 885 470 in
902 413 977 472 latus
993 415 1050 477 ela·

39 501 139 566 psum
158 495 216 564 est,
224 486 320 564 digitis
336 493 457 550 restitui.
475 491 680 552 Potesttamen
693 493 824 554 conditus
838 495 975 558 articulus
991 515 1049 558 me-

41 566 129 646 dius,
147 578 200 630 aut
214 587 338 635 summus
353 574 513 636 canaliculo
528 575 625 653 aliquo
642 577 792 636 contineri.

16 829 30 868 ε
386 807 589 882 ΟΑΡΠ,Τ
626 811 713 872 XX.

410 923 459 972 'De
476 922 572 974 femore
588 923 683 973 luxato.

117 1070 216 1144 Quum
236 1071 273 1131 de
294 1071 339 1132 his
359 1071 496 1149 dixerim,
525 1074 561 1135 de
575 1075 610 1135 iis
625 1092 758 1154 quoque,
774 1092 849 1152 quae
865 1074 893 1134 in
916 1074 1047 1135 cruribus

46 1163 138 1229 sunt,
173 1154 265 1215 videri
292 1172 409 1232 possum
432 1155 556 1218 dixisse:
586 1160 727 1237 siqnidem
749 1161 834 1220 etiam
858 1160 886 1216 in
907 1157 963 1217 doc
978 1175 1048 1218 casu

46 1235 199 1314 quaedam
220 1238 372 1320 slmilitudo
397 1249 441 1299 est
460 1240 564 1300 femori
585 1251 614 1301 et
636 1241 772 1318 humero,
795 1241 882 1300 tibiae
896 1250 925 1300 et
938 1240 1046 1318 cubito,

16 1343 41 1384 ro¹
49 1320 124 1398 pedi
142 1329 174 1380 et
188 1322 291 1382 manui.
322 1322 467 1396 Quaedam
482 1332 576 1385 tamen
594 1326 749 1403 separatim
763 1341 880 1403 quoque
897 1322 990 1382 dehis
1007 1324 1046 1383 di·

50 1402 150 1463 cenda
177 1415 250 1466 sunt.
284 1404 389 1486 Femur
410 1407 438 1465 in
460 1423 559 1472 omnes
582 1415 703 1486 quatuor
722 1416 820 1485 partes
844 1415 1044 1485 promovetur:

22 1515 27 1522 ·
51 1489 230 1566 saepissime
245 1490 274 1548 in
287 1491 468 1560 interiorem
489 1490 591 1550 deinde
606 1492 635 1549 in
650 1492 839 1558 exteriorem
861 1506 927 1549 raro
949 1489 1045 1549 admo·

51 1569 166 1652 durnin
183 1573 325 1650 priorem,
349 1582 396 1632 aut
413 1576 615 1651 posteriorem.
648 1575 678 1633 Si
700 1575 728 1632 in
746 1576 912 1634 interiorem
934 1582 1046 1650 partem

52 1654 226 1732 prolapsum
252 1665 313 1732 est,
338 1675 403 1716 crus
423 1656 537 1736 longius
558 1658 669 1734 altero,
691 1666 721 1716 et
741 1658 847 1716 uatium
876 1665 935 1716 est:
964 1663 1045 1716 extra

20 1739 132 1796 ananim
150 1755 203 1815 pes
222 1737 334 1798 ultimus
349 1750 478 1818 spectem
511 1743 535 1801 si
552 1742 580 1800 in
591 1741 777 1815 exteriorem,
789 1739 917 1815 brevius,
933 1756 1043 1799 varum·

55 1822 171 1900 qualit,
189 1839 243 1899 pes
262 1823 336 1882 intus
350 1823 518 1894 inclinatur;
535 1825 602 1885 calx
618 1826 647 1884 in
664 1833 885 1900 gressuterram
899 1839 957 1882 non
975 1838 1043 1882 con·

54 1903 156 1980 tingit,
178 1905 231 1974 sed
252 1904 348 1985 planta
367 1906 437 1975 ima;
456 1909 615 1986 meliusque
636 1907 666 1966 id
682 1925 747 1966 crus
771 1907 904 1984 superius
927 1923 1043 1982 corpus,
1116 1904 1127 1922 '

23 2015 29 2020 ·
55 2005 142 2064 quarn
163 1989 310 2066 inpriore
335 1995 420 2066 casu,
449 1989 522 2068 fert,
550 1993 698 2067 minusque
715 1989 820 2049 baculo
842 1998 928 2064 eget3
965 1989 991 2046 si
1015 1989 1044 2046 iu

57 2072 200 2147 priorem,
218 2088 282 2130 crus
299 2081 448 2132 extensum
463 2083 523 2150 est,
540 2073 764 2151 complicarique
785 2088 843 2130 non
863 2079 980 2148 potest3
1002 2070 1042 2129 al·
1136 2130 1140 2142 ,

19 2155 114 2212 wioni
129 2155 202 2212 cruri
217 2155 252 2214 ad
267 2156 378 2216 calcem
393 2175 446 2235 par
462 2165 525 2231 est,
543 2157 596 2216 sed
610 2157 665 2214 ima
681 2156 777 2233 planta
800 2155 891 2212 minus
913 2153 942 2210 in
964 2154 1042 2230 prio·

57 2253 119 2295 rem
131 2247 239 2315 partem
255 2240 418 2300 inclinatur:
434 2239 621 2317 dolorquein
639 2239 697 2297 hoc
716 2255 784 2297 casu
800 2237 974 2316 praecipuus
986 2243 1042 2311 est,

59 2327 90 2378 et
108 2321 227 2380 maxime
243 2323 322 2382 urina
343 2324 538 2401 supprimitur.
574 2321 630 2383 Ubi
653 2339 716 2380 cum
739 2321 841 2380 dolore
860 2318 1042 2378 inflammatio

60 2401 186 2478 quievit,-
206 2404 355 2464 oommodc
376 2407 589 2481 ingrediuntur,
618 2412 774 2481 rectusque
797 2420 896 2462 eornm
913 2418 967 2479 pes
987 2408 1040 2460 est.

61 2485 91 2543 Si
106 2486 133 2543 in
147 2489 353 2562 posteriorem,
369 2489 486 2546 extendi
501 2504 558 2545 non
573 2496 670 2564 potest
686 2505 767 2562 crus,
790 2485 968 2562 breviusque
980 2491 1040 2554 ast3

22 2567 109 2632 zaubi
123 2569 260 2642 consistit,
275 2569 341 2626 calx
355 2569 402 2627 hic
418 2587 533 2647 quoque
549 2579 654 2629 terram
668 2585 726 2627 non
742 2569 890 2645 contingit.
908 2567 1042 2643 Magnum

62 2659 153 2710 autem
166 2651 267 2709 lemori
286 2650 444 2728 perieulum
457 2661 515 2729 est,
529 2671 568 2711 ne
579 2653 628 2711 uel
640 2651 795 2712 difficulter
807 2661 974 2730 reponatur,
992 2650 1041 2710 vel

62 2735 213 2812 repositum
231 2751 329 2810 rursus
344 2734 469 2794 excidat.
503 2735 623 2810 Quidam
642 2753 758 2812 semper
778 2737 880 2794 iterum
902 2732 1040 2794 excidere

64 2815 247 2877 centendunt:
266 2816 319 2875 sed
333 2815 527 2895 Hippocrates
544 2816 606 2895 (De
622 2824 708 2878 artic.
725 2819 755 2891 ὅ.
770 2820 824 2886 7ll3
844 2817 906 2876 Gal.
925 2814 1038 2874 Comae.

63 2901 95 2960 ia
109 2898 135 2958 lt.
151 2899 205 2960 loc.
223 2898 256 2961 Τ.
273 2898 386 2959 XVIII·
409 2919 438 2978 p.
456 2901 550 2979 731),
572 2910 601 2959 et
615 2900 751 2973 Diocles,
768 2909 797 2958 et
811 2898 993 2973 Philotimus,
1011 2904 1040 2956 et

27 2982 172 3058 coNileus,
195 2990 224 3040 et
237 2981 408 3042 Heraclides
429 2983 614 3060 Tarentinus,
637 2983 707 3042 olari
722 2981 872 3042 admodum
893 2988 1038 3056 auctores,

65 3085 101 3126 ex
116 3074 172 3124 toto
184 3083 216 3124 se
231 3067 392 3125 restituisse
408 3068 564 3126 memoriae
579 3065 773 3143 prodiderunt.
796 3062 904 3140 ⁴Neque
924 3071 968 3122 tot
987 3081 1038 3140 ge·

64 3167 129 3208 nera
143 3149 428 3209 machinamentorum
442 3149 620 3228 quoque,‘ad
632 3145 841 3206 extendendum
855 3148 884 3205 in
897 3146 956 3208 hoc
966 3163 1039 3206 ‚casu

65 3232 165 3309 lemur,
186 3233 396 3311 Hippocrates,
419 3233 568 3308 Andreas,
589 3231 706 3306 Nileus,
721 3229 956 3309 Nymphodorus,
968 3230 1038 3290 Pro·

66 3316 182 3393 tarchus,
197 3316 377 3392 Heraclides,
397 3317 503 3394 aliique
517 3315 629 3393 quidam
644 3315 837 3391 reperissent,
852 3315 876 3372 si
889 3313 918 3373 id
933 3313 1039 3373 frustra

30 3409 149 3466 adesset.
177 3400 236 3464 Sed
255 3409 286 3462 ut
306 3400 381 3462 haec
401 3400 476 3462 falsa
499 3399 595 3480 opinio
614 3406 676 3476 est,
706 3398 750 3458 sic
769 3397 840 3458 illud
861 3413 962 3458 uerum
977 3402 1036 3457 est:
