2444 3904
423 195 750 246 nre.nen00nm1uu.
767 181 773 186 '
1064 184 1084 242 7

94 350 243 414 medicum
255 368 312 410 non
329 367 437 428 egere,
450 360 479 410 ct
495 350 660 412 irrationale
679 352 781 412 animal
796 351 869 413 banc
889 360 978 411 artem
996 366 1083 428 posse

71 469 74 476 =
94 445 268 514 praestare;
287 434 339 494 sed
356 434 408 494 lras
424 435 569 494 latentium
585 453 679 496 rerum
696 436 876 510 conjecturas
892 435 927 494 nd
947 451 1007 494 rem
1029 451 1085 494 non

93 521 265 598 pertinere;
291 521 355 598 quia
379 535 439 576 non
461 520 586 596 intersit,
609 519 675 596 quid
692 519 820 580 morbum
840 518 939 594 iaciat,
952 518 1004 578 scd
1019 516 1086 595 quid

93 603 198 678 tollat,
214 601 483 680 nequequomodc,
496 602 548 662 sed
565 603 631 680 qnid
651 606 758 680 optimc
778 602 935 678 digeratnr3
955 603 1016 660 sive
1032 601 1086 660 bac

67 688 133 748 ude
146 705 236 748 causa
248 687 400 746 concoctio
413 686 532 763 ineidat,
551 687 612 746 sive
625 686 660 746 dc
675 687 738 756 illa;
759 695 788 748 et
805 688 867 744 siue
882 687 1033 746 concoctio
1050 687 1085 742 sit

93 772 156 848 illa,
168 761 232 830 siu‘e
244 779 349 831 tantum
362 769 495 846 digestio.
527 770 629 848 Neque
646 770 838 848 quaerendum
858 787 923 830 esse
942 768 1085 848 quomodo

93 857 257 934 spircmns,
270 854 324 914 sed
335 854 529 933 qnidgravem
541 854 708 932 tardumque
725 856 853 933 spiritum
870 851 1019 931 expediam
1037 869 1084 910 ne·
1153 879 1156 886 .

95 958 154 1018 que
168 938 237 1017 quid
249 955 339 998 uenas
350 947 475 1013 moveat,
488 938 539 998 scd
552 938 619 1016 quid
632 955 764 1017 quaeque
776 947 867 998 motus
879 953 988 1014 genera
1000 935 1085 1011 signi-

96 1025 195 1086 ficent.
227 1022 307 1082 Haec
327 1032 419 1082 autem
440 1024 580 1098 cognosci
601 1023 814 1100 experimentis.
845 1021 882 1081 Et
905 1021 933 1078 in
957 1019 1087 1080 omnibns

64 1122 90 1162 ιο
101 1107 240 1183 ejusmodi
257 1105 478 1190 cogitationibus
490 1107 518 1167 in
529 1116 675 1184 utramque
687 1115 796 1185 partem
808 1105 910 1165 disseri
920 1121 1025 1183 possm
1037 1105 1087 1162 ita·

102 1209 157 1270 que
169 1193 312 1268 ingenium
330 1198 358 1250 et
376 1189 535 1252 facundiam
550 1192 683 1259 vincere;
701 1190 819 1251 morbos
837 1199 930 1250 autem
949 1205 1006 1247 non
1027 1187 1086 1246 elo-

98 1277 231 1354 quentia,
258 1274 310 1334 sed
333 1274 468 1334 remediis
486 1277 588 1334 curari.
618 1275 699 1349 Quae
717 1276 741 1334 si
754 1274 950 1352 quisellnguis
965 1291 1018 1331 usu
1032 1271 1086 1330 dis-

96 1369 180 1420 creta
198 1357 273 1418 bene
291 1359 382 1433 norit,
401 1357 476 1419 hunc
487 1359 632 1437 aliquanto
644 1360 782 1434 majorem
798 1357 937 1418 medicum
957 1357 1088 1428 futurum,

94 1461 184 1522 quarn
196 1444 220 1502 si
231 1443 293 1502 sine
307 1460 359 1502 usu
371 1441 495 1519 linguam
507 1461 584 1503 suam
600 1442 769 1503 excoluerit.
801 1441 899 1520 Atque
911 1459 946 1499 ea
964 1439 1087 1517 quidem,

59 1528 134 1588 rede
146 1526 251 1605 quibus
263 1535 308 1585 est
319 1525 439 1602 dictum,
456 1544 635 1604 supervacua
656 1545 721 1586 esse
740 1525 945 1592 tantummodo;
964 1523 992 1583 id
1007 1539 1088 1595 uero,

96 1610 179 1690 qnod
196 1619 300 1686 restat,
321 1610 406 1668 etiam
424 1609 557 1671 crudele:
580 1613 709 1672 vivorum
729 1609 870 1670 hominum
891 1609 983 1669 alvum
1004 1616 1090 1684 atque

95 1693 272 1774 praecordia
285 1693 381 1769 incidi,
398 1701 427 1752 ct
438 1694 537 1754 salutis
552 1694 691 1756 hnmanae
704 1693 865 1772 praesidem
876 1701 965 1754 artem
976 1709 1032 1750 non
1043 1707 1089 1748 so·

94 1780 156 1840 lum
169 1787 286 1861 pestem¹
294 1777 388 1854 alicui,
400 1777 451 1836 sed
463 1777 536 1838 bane
548 1779 631 1838 etiam
640 1780 857 1854 atrocissimam,
868 1778 992 1844 inlerre;
1006 1791 1090 1852 quum

96 1863 273 1943 praesertim
285 1879 323 1920 ex
342 1862 394 1938 iis,
422 1880 495 1940 quae
510 1870 585 1922 tanta
604 1863 740 1936 violentia
758 1870 948 1940 quaerantur,
966 1858 1022 1918 alia
1033 1875 1090 1916 non

59 1972 86 2012 20
96 1947 214 2027 possint
226 1945 339 2005 omnino
351 1947 501 2022 cognosci,
515 1947 569 2006 alia
581 1950 694 2024 possint
705 1947 790 2006 etiam
799 1943 863 2004 ‘sine
874 1945 997 2005 scelere.
1020 1941 1090 2002 Nam
1146 1993 1149 2000 .

95 2031 240 2105 colorem,
252 2029 411 2105 laevorcm,
423 2029 580 2106 mollitiem,
594 2030 733 2106 duritiem,
750 2029 907 2107 similiaque
919 2027 1021 2101 omnia,
1034 2043 1091 2083 non

95 2132 166 2176 esse
179 2114 259 2188 talia,
272 2113 364 2172 inciso
381 2128 521 2191 corpore,
535 2114 629 2190 qualia
641 2115 755 2190 integro
773 2113 890 2172 luerint:
910 2113 974 2190 qnia
996 2127 1091 2187 quum,

96 2196 274 2276 corporibus
288 2195 443 2269 inviolatis,
456 2195 529 2255 haee
540 2205 634 2256 tamen
645 2207 730 2273 metu,
746 2197 860 2272 dolore,
876 2195 987 2269 inedia,
1000 2191 1090 2252 erudi-

97 2291 168 2358 tate,
180 2279 363 2355 lassitudine,
381 2278 459 2339 mille
473 2278 536 2337 aliis
552 2279 744 2339 mediocribus
764 2279 913 2338 affectibus
928 2295 1016 2354 saepe
1034 2292 1091 2334 mn-

66 2375 208 2434 essentum
229 2363 430 2440 multomagis
450 2362 606 2422 verisimile
624 2373 683 2438 est,
707 2365 857 2437 interiora,
882 2360 983 2441 quibus
1001 2359 1093 2434 major

101 2449 250 2524 mollities,
273 2456 302 2506 et
323 2447 372 2507 lux
388 2449 451 2525 ipsa
470 2463 545 2506 nova
566 2447 616 2522 sit,
632 2446 684 2506 sub
696 2447 874 2522 gravissimis
886 2443 1052 2504 vulneribus
1064 2450 1093 2501 et

97 2535 161 2612 ipsa
172 2532 365 2604 trucidatione
377 2531 486 2590 mutari.
515 2529 617 2608 Neque
631 2530 783 2608 quidquam
795 2547 861 2590 esse
874 2529 996 2604 stultius,
1010 2544 1093 2606 quam

96 2617 184 2696 quale
201 2616 268 2696 quid
290 2617 357 2680 uiuo
378 2614 493 2674 bomine
518 2623 577 2692 est,
594 2615 652 2674 tale
668 2616 832 2674 existimare
855 2631 922 2674 esse
941 2614 1093 2685 moriente,

95 2704 153 2762 imo
168 2701 231 2776 jam
242 2709 368 2764 mortuc;
381 2714 445 2758 nanu
458 2707 566 2758 uterum
574 2701 633 2778 (sc.
645 2699 795 2776 ventrem)
807 2697 929 2776 quidem,
942 2698 989 2775 qni
1003 2696 1094 2754 minus

61 2785 132 2851 uoud
146 2804 209 2845 rem
227 2785 385 2863 pertineat,
406 2783 532 2860 spirante
550 2782 663 2843 homine
676 2799 763 2860 posse
781 2782 889 2851 diduei;
911 2779 1095 2856 simulatque

95 2887 170 2930 vero
184 2870 290 2928 ferrum
302 2866 337 2926 ad
351 2865 520 2943 praecordia
537 2867 674 2942 accessit,
688 2875 717 2925 et
734 2866 883 2926 discissum
901 2874 1095 2924 transversum

96 2963 212 3032 septum
224 2961 278 3026 cst,
291 2949 367 3028 quod
382 2949 544 3010 membrana
555 2951 675 3027 quadam
687 2952 855 3028 superiores
867 2958 965 3027 partes
978 2945 1013 3006 ab
1025 2945 1094 3004 inle-

95 3037 223 3098 rioribus
233 3035 339 3095 diducit
351 3024 560 3112 (διάφραγμα
577 3034 680 3095 Graeci
694 3033 833 3111 vocant),
853 3032 994 3093 hominem
1007 3029 1094 3109 proti·

96 3139 150 3180 nus
169 3123 290 3182 animam
307 3118 453 3178 amittere:
471 3119 510 3178 ita
527 3120 629 3178 mortui
650 3117 760 3176 demum
779 3116 950 3197 praecordia
962 3123 991 3175 et
1002 3117 1096 3174 viscus

63 3206 225 3284 neumnein
239 3209 424 3279 conspectum
437 3200 633 3261 latrocinantis
645 3201 748 3260 medici
761 3201 819 3260 dari
831 3217 954 3261 neccsse
968 3208 1012 3258 est
1028 3193 1096 3272 tals,

96 3289 184 3368 quale
197 3288 301 3347 mortui
312 3285 361 3360 sit,
380 3301 437 3342 non
449 3285 532 3362 quale
546 3286 603 3344 vivi
614 3286 676 3344 fuit.
696 3284 796 3361 ltaque
808 3285 947 3362 consequi
957 3281 1097 3342 medicum

96 3383 126 3432 ut
137 3372 283 3432 hominem
295 3367 449 3430 crudeliter
455 3370 585 3446 jugulet,
598 3385 654 3429 non
666 3377 695 3427 ut
707 3369 796 3445 sciat,
810 3369 903 3448 qualia
915 3369 971 3427 vivi
983 3369 1097 3426 viscera

96 3449 266 3518 babeamus.
302 3454 332 3514 Si
353 3451 420 3529 quid
434 3461 530 3513 tamen
549 3455 603 3530 sit,
620 3452 696 3531 quod
720 3452 810 3513 adbuc
833 3454 960 3532 spirante
982 3450 1095 3509 homine
