2384 3896
344 209 414 258 rna.
429 209 476 258 nv.
498 209 575 260 une.
591 213 780 263 xx-xxu.
968 202 1024 262 147

34 364 109 426 cilia
127 362 289 426 laedantur:
305 365 386 441 potui
402 381 473 426 vero
487 366 568 446 nihil,
584 375 786 449 praeterquam
801 385 900 447 puram
915 385 1028 447 aquam;

31 465 106 508 nam
130 448 192 508 sive
206 448 273 527 qnid
289 449 481 528 vinolentum,
504 452 566 514 sive
590 453 701 514 acidum
722 461 782 530 est,
802 452 830 512 id
844 452 909 512 huic
924 452 1027 515 morbo

33 533 166 594 alienum
181 540 234 592 est.
261 532 307 594 Aa
321 543 425 614 postea
440 551 554 616 quoque
569 537 660 598 vitare
674 545 791 617 oportet
805 536 953 612 balneum,
970 553 1026 596 am-

33 617 233 696 bulationem,
249 620 456 696 gestationem,
481 630 656 702 ceterosque
673 623 804 700 corporis
818 630 921 682 motus.
956 619 1028 682 Nam

5 697 275 762 slacileidmalum
284 699 380 760 redire
389 703 557 770 censuerim
570 710 601 762 et
615 700 1030 779 sivequumlrignssubit‚sive

34 785 279 864 aliquaJactatic,
290 786 344 847 nisi
355 785 430 846 bene
440 787 500 862 J‘am
511 789 686 850 confirmatis
697 789 848 866 intestinis,
864 789 1027 863 revertitur.

310 1021 496 1088 capua
534 1027 638 1088 xum
668 1023 772 1105 μανι.

334 1141 371 1191 De
384 1142 473 1193 morbo
489 1143 601 1194 intestini
619 1143 748 1209 plenioris.

104 1292 137 1352 ls
159 1299 252 1352 autem
272 1290 407 1370 morbrrs,
435 1295 483 1372 qui
504 1295 533 1354 in
554 1294 689 1356 intestino
713 1293 846 1372 pleniore
867 1301 928 1368 est,
951 1293 980 1352 in
998 1310 1032 1352 ea

10 1377 169 1436 omanirne
184 1386 266 1454 parte
282 1385 343 1452 est,
365 1393 450 1456 quana
464 1395 581 1439 caecam
596 1397 664 1438 esse
680 1379 831 1458 proposui.
868 1375 1032 1438 Vehemens

36 1463 72 1521 iit
88 1459 219 1536 inflatio,
235 1459 423 1522 vehementes
438 1461 575 1539 dolores,
592 1463 693 1523 dextra
707 1463 799 1538 magis
811 1469 907 1540 parte:
924 1460 1031 1520 intesti-

36 1561 129 1622 num,
146 1543 223 1622 quod
239 1545 310 1604 verti
325 1543 452 1622 videtur,
469 1563 562 1624 prope
577 1547 706 1625 spiritum
722 1545 810 1606 elidit.
837 1544 870 1604 ln
886 1543 1033 1622 plerisque

37 1637 112 1709 post
135 1628 248 1706 frigora
272 1628 486 1709 cruditatesque
507 1631 613 1706 oritur,
637 1629 742 1691 deinde
762 1629 901 1707 quiescit;
928 1636 958 1687 et
981 1644 1034 1704 per

38 1721 289 1791 aetatemsacpe
314 1721 452 1790 repetens
478 1713 520 1774 sic
543 1714 668 1791 cruciat,
697 1722 727 1774 ut
746 1714 823 1774 vitae
848 1713 942 1791 spatio
964 1708 1034 1770 nihil

0 1797 153 1858 ‚coemat
176 1796 232 1858 Ubi
247 1797 272 1856 is
283 1795 369 1856 dolor
382 1797 491 1875 acepit,
507 1797 662 1859 admovere
676 1798 754 1858 sicea
766 1804 795 1857 et
807 1795 899 1856 calida
908 1795 1035 1856 iouente

40 1888 180 1961 oporiet;
206 1880 259 1942 sed
283 1880 376 1959 primo
397 1878 488 1958 lenia,
513 1880 617 1942 deinde
639 1880 794 1950 validiora;
823 1879 963 1958 simulque
986 1875 1034 1936 iri·

41 1967 147 2026 ctione
162 1964 197 2025 ad
212 1974 356 2025 extremas
369 1973 484 2044 partes,
498 1965 527 2026 id
543 1974 588 2026 est
597 1982 688 2028 crura
701 1964 878 2042 brachiaque
888 1962 1035 2024 materiam
1141 1991 1144 1996 ·

41 2065 192 2110 evocare:
215 2050 239 2108 si
254 2048 401 2110 discussus
417 2065 475 2110 non
491 2058 553 2124 est,
577 2067 632 2128 qua
646 2048 743 2124 dolet,
766 2046 959 2110 cucurbitulas
974 2046 1035 2104 sine
1060 2107 1062 2110 ,

41 2134 127 2194 ferro
144 2132 282 2209 deligere.
305 2131 359 2192 Est
374 2133 458 2194 etiam
472 2131 709 2194 medicamentum
725 2134 788 2207 ejus
804 2131 848 2191 rei
859 2147 945 2190 causa
959 2144 1048 2206 eumq

2 2229 31 2272 zo
41 2225 188 2296 paratum.
211 2215 243 2278 ld
258 2234 291 2276 se
304 2218 452 2294 reperisse
469 2215 587 2277 Cassius
601 2216 788 2294 gloriabatur.
809 2214 904 2290 Magis
918 2211 1038 2291 prodest

42 2301 128 2381 potui
144 2300 255 2362 datum:
277 2299 328 2360 sed
343 2300 506 2378 impositum
527 2317 642 2379 quoque
660 2299 858 2374 extrinsecus,
879 2291 1038 2372 digerendo

43 2386 195 2463 spiritum,
218 2381 348 2444 dolorem
371 2383 457 2444 levat.
496 2385 557 2444 Nisi
579 2385 659 2444 linito
682 2388 933 2456 concremento,
957 2385 1038 2438 reeta

42 2485 146 2546 neque
162 2468 258 2544 cibus,
281 2485 375 2547 neque
390 2469 470 2546 potio
488 2470 647 2530 assumitur.
686 2467 754 2542 Quo
764 2467 841 2526 vieto
855 2466 891 2525 sit
904 2461 1039 2524 utendum

44 2553 101 2628 iis,
125 2553 175 2632 qni
190 2552 247 2612 hoc
263 2567 373 2630 genere
390 2558 549 2630 tentantur,
562 2554 622 2629 jam
636 2551 705 2614 mihi
722 2551 827 2612 dictum
843 2556 896 2610 est.

11 2816 37 2856 2⁵
118 2810 121 2815 ·
318 2787 505 2850 carun
540 2785 782 2866 xanxvq.

442 2901 479 2952 De
496 2901 653 2952 torminibus.

113 3055 248 3116 Proxima
269 3054 314 3115 lais
336 3056 410 3114 inter
432 3053 630 3113 intestinorum
653 3049 727 3110 mala
748 3047 870 3108 tormina
892 3063 960 3106 esse
973 3060 1041 3103 eon·

51 3146 232 3202 sueverunt:
265 3135 464 3215 dvoeuneqda
489 3152 598 3213 graece
627 3141 758 3194 vocatur.
808 3129 887 3192 lutus
909 3129 1042 3216 intestina

51 3223 274 3284 exulcerantur:
299 3241 335 3282 en
349 3221 393 3282 his
410 3237 496 3282 cruor
509 3227 618 3287 menam
634 3217 726 3294 iisque
737 3213 823 3276 modo
836 3232 900 3274 cum
912 3222 1043 3274 stercore

18 3325 43 3369 ao
51 3303 154 3385 aliquo
176 3323 294 3385 semper
309 3303 433 3384 liquido,
455 3303 543 3364 modo
558 3319 623 3362 cum
637 3297 805 3378 quibusdam
820 3298 903 3376 quasi
917 3297 1044 3357 mucosis

54 3390 243 3451 excernitur:
277 3388 418 3449 interdum
445 3387 527 3447 simul
554 3385 693 3465 quaedam
719 3399 842 3444 carnosa
867 3379 1044 3441 descendunt

56 3474 111 3554 (ci.
127 3469 210 3552 Apu.
226 3471 284 3550 lv,
302 3473 374 3550 26);
398 3471 537 3549 frequens
553 3467 706 3544 dejiciendi
722 3466 879 3582 cupidiqam
902 3463 1043 3538 dolorque
