2392 3906
382 195 451 284 nun:
466 195 517 242 111.
534 189 609 244 cnr.
625 197 697 244 xxx.
980 187 1039 248 tot

32 349 128 411 etiam
142 351 171 410 in
187 367 274 410 arena
290 348 392 425 calida,
407 349 456 408 vel
471 348 620 428 laconico,
636 350 684 410 vel
699 350 829 430 clibano,
845 351 1041 432 similibusque

30 435 120 500 aliis3
149 437 329 512 maximeque
347 434 436 494 ‘utiles
457 435 603 498 naturales
625 445 654 495 et
674 436 770 495 siccae
791 436 956 498 sudationes
977 445 1041 496 sunt

35 519 96 597 (ci.
114 518 152 596 ll,
174 520 239 595 17).
271 519 424 593 Balneum,
441 525 529 597 atque
550 522 640 580 omnis
661 519 762 579 humor
781 519 891 580 alienus
907 529 960 580 est.
990 523 1039 582 le-

26 604 107 678 juno
124 611 206 662 reete
223 599 499 681 catapotla‘dantnr,
522 604 598 663 iacta
615 623 653 663 ex
670 602 803 663 absinthii
819 602 943 680 duabus,
964 622 1039 679 myr-

10 703 19 740 t
33 686 109 746 rbae
128 689 211 746 tertia
229 697 321 766 parte.
351 684 439 745 Gibus
451 703 518 747 esse
531 681 617 748 debet
629 705 667 746 ex
677 687 771 746 media
785 686 898 766 quidem
910 690 1039 763 materia,

34 771 89 841 sed
104 779 203 830 tannen
218 773 336 847 generis
350 771 489 830 durioris:
513 774 594 850 potio
608 789 665 830 non
681 770 754 830 ultre
768 770 859 830 danda
876 780 938 845 est,
955 789 1040 850 qnam
1093 829 1095 840 ,

33 863 65 914 nt
79 857 171 914 vitam
189 857 341 922 sustineat:
365 855 530 933 optimaque
551 864 611 931 est,
634 872 708 933 qnae
723 855 830 914 urinam
844 863 951 914 movet.
981 854 1039 915 Sed
1119 922 1122 934 Ι

34 940 65 998 id
86 941 183 1017 ipsum
199 947 294 998 tamen
314 938 407 999 moliri
424 937 506 1017 cibo,
530 957 613 1017 quam
631 938 840 998 medicamento
861 939 963 999 melius
983 947 1053 998 est·
1094 973 1098 984 ι

38 1025 70 1082 Si
94 1033 191 1082 tamen
216 1039 266 1081 res
287 1031 390 1099 coget,
414 1039 452 1081 ex
466 1023 567 1082 iisdem
582 1023 708 1101 aliquid,
731 1040 806 1101 quae
829 1022 857 1082 id
880 1031 1038 1100 praestant,

9 1109 101 1166 restit
116 1107 351 1184 decoquendum,
367 1123 459 1185 eaque
475 1124 549 1185 aqua
565 1110 644 1185 potui
660 1105 761 1166 danda.
794 1107 934 1167 Videntur
945 1115 1039 1166 autem

42 1191 116 1250 base
126 1190 292 1251 facultatem
304 1190 411 1250 habere
424 1193 486 1266 iris,
501 1191 629 1267 nardum,
643 1208 770 1266 crocum,
781 1192 948 1266 cinnamum,
962 1207 1038 1250 amo·

37 1291 112 1334 nram
113 1275 223 1351 ,casia,
240 1274 364 1348 myrrha,
376 1273 541 1352 balsamum,
553 1274 717 1353 galbanum,
730 1273 870 1350 ladanum,
884 1274 1038 1348 oenanthe,

35 1375 180 1438 panaces,
198 1358 416 1460 cardamomum,
429 1359 569 1435 hebenus,
580 1360 711 1438 cupressi
724 1377 833 1435 semen,
846 1377 900 1418 noa
912 1359 1038 1431 taminia,
1057 1421 1063 1432 ,

35 1461 124 1522 quam
142 1431 324 1521 ccupldoe’
305 1441 426 1521 uypt'uu
444 1443 548 1504 Graeci
568 1444 714 1504 nominant
721 1443 929 1518 ,abrotonum,
952 1459 1039 1502 rosae

7 1527 120 1603 lefolie,
140 1543 268 1599 acorum,
287 1544 401 1586 amarae
417 1544 506 1586 nuces
514 1529 768 1624 ,tragoriganum
785 1535 899 1602 styrax,
917 1536 1038 1600 costum,

32 1613 116 1686 junci
134 1610 264 1687 quadrati
279 1620 309 1670 et
321 1611 435 1670 rotundi
450 1629 562 1680 semem
579 1611 657 1670 illum
672 1603 849 1686 κύπειρον,
865 1610 939 1670 hunc
953 1616 1037 1688 σχοι·

36 1713 100 1756 νον
114 1693 221 1756 Graeci
236 1702 359 1754 vocant:
381 1713 455 1773 quae
472 1697 731 1774 quotiesposuero
753 1695 808 1773 (ol
824 1693 875 1770 lll,
893 1695 965 1772 18),
980 1710 1039 1753 non

36 1797 112 1858 qnae
130 1778 179 1838 bic
193 1787 358 1854 nascuntur,
375 1780 427 1839 sed
442 1798 515 1858 quae
531 1781 606 1840 inter
619 1788 747 1840 aromata
762 1779 935 1854 afferuntur,
951 1777 1038 1854 signi·

38 1863 146 1923 licabo.
181 1861 276 1922 Primo
296 1871 405 1938 tamen,
436 1881 509 1942 quae
533 1863 679 1924 levissima
703 1882 742 1923 ex
762 1863 807 1924 bis
833 1871 913 1938 sunt,
944 1861 971 1921 id
993 1858 1040 1920 bat

6 1963 126 2008 torneae
153 1946 242 2022 lolia,
268 1947 316 2006 vel
341 1947 420 2007 nardi
445 1949 542 2027 spica,
578 1947 711 2009 tentanda
731 1957 805 2007 sunt.
842 1946 943 2006 Vinum
967 1961 1037 2023 quo·

39 2049 94 2110 que
110 2031 181 2090 utile
198 2039 242 2090 est
259 2039 418 2109 austerum,
440 2032 492 2092 sed
514 2051 597 2111 quam
619 2033 822 2092 tenuissimum.
853 2029 1039 2091 Commodum

37 2125 83 2176 est
99 2115 199 2190 etiam,
214 2115 272 2173 lino
289 2116 419 2194 qnotidie
434 2125 564 2176 ventrem
579 2117 681 2188 metiri,
698 2123 726 2175 et
728 2133 808 2194 ,qua
821 2110 1039 2192 comprehendit

37 2200 144 2276 alvum,
159 2209 256 2258 notam
271 2201 434 2277 imponere:
451 2209 630 2278 posteroque
646 2199 693 2258 die
712 2161 828 2274 videre,
844 2198 958 2276 plenius
973 2213 1037 2256 cor·

38 2301 92 2362 pus
107 2285 155 2358 sit,
172 2301 208 2343 an
221 2291 407 2343 extenuetur.
427 2283 456 2342 id
469 2285 559 2358 enim,
576 2283 653 2360 quod
667 2289 852 2357 extenuatur,
869 2281 1038 2340 medicinam

6 2377 32 2420 tt
42 2369 136 2426 sentit.
165 2366 270 2444 Neque
285 2367 407 2426 alienum
419 2377 463 2426 est
477 2368 570 2427 metiri
585 2376 614 2426 et
627 2369 772 2446 potionem
782 2367 856 2441 ejus,
873 2374 902 2424 et
913 2365 1037 2424 urinam:

42 2469 103 2510 nam
119 2452 144 2510 si
159 2451 225 2530 plus
239 2451 366 2511 humoris
381 2453 560 2527 excernitur,
583 2469 667 2529 quam
681 2451 847 2527 assumitur,
867 2451 905 2510 ita
927 2449 1038 2507 demum

39 2533 188 2594 secundae
207 2534 379 2594 valetudinis
402 2553 471 2614 spes
494 2545 548 2596 est.
585 2535 778 2614 Asclepiades
798 2536 826 2593 iu
850 2551 904 2608 eo,
929 2531 978 2611 qni
1001 2549 1039 2592 cx

38 2629 179 2699 quartana
199 2621 226 2678 in
247 2619 377 2698 hydropa
398 2619 567 2696 deciderat,
583 2639 616 2678 se
632 2619 802 2679 abstinentia
823 2619 915 2693 bidui,
940 2626 968 2676 et
988 2616 1037 2675 iri·

39 2707 249 2768 conoessum:
267 2705 353 2763 tertio
369 2704 426 2778 dic,
438 2705 498 2779 jam
513 2713 543 2763 et
557 2703 640 2764 febre
657 2713 687 2763 et
699 2721 773 2782 aqua
788 2703 929 2778 liberato,
945 2700 1038 2761 cibum

6 2807 29 2848 cn
38 2797 65 2848 et
79 2790 180 2847 vinum
194 2787 322 2863 dedisse,
337 2790 493 2848 memoriae
510 2787 646 2866 prodidit.

98 2872 248 2932 Hactenus
265 2874 452 2931 communiter
466 2873 502 2932 de
520 2874 596 2931 omni
613 2874 712 2950 specie
727 2873 858 2951 praecipi
873 2879 986 2950 potest:
1013 2868 1038 2926 si

37 2957 240 3016 vehementius
259 2956 362 3015 malum
385 2965 445 3032 est,
467 2954 624 3016 diducenda
646 2959 719 3017 ratio
736 2956 858 3015 curandi
873 2964 926 3015 est.
957 2953 1038 3029 Ergo

38 3041 205 3114 s11nllatno
228 3049 257 3099 et
274 3059 312 3099 ex
326 3059 360 3100 ea
378 3039 463 3100 dolor
478 3039 582 3100 creber
597 3049 656 3114 est,
680 3041 756 3101 utilis
774 3039 968 3119 quotidianus,
991 3042 1039 3098 sut
1073 3069 1076 3076 ·

37 3125 133 3185 altero
150 3141 266 3207 quoque
273 3124 331 3184 die
351 3133 418 3202 post
435 3124 546 3199 cibum,
570 3126 694 3183 vomitus
712 3132 772 3182 est:
796 3123 930 3183 lomentis
951 3122 1039 3181 siccis

6 3225 28 3268 rs
39 3208 202 3288 calidisque
218 3209 352 3267 utendum
367 3217 420 3267 est.
450 3210 480 3268 Si
498 3226 550 3285 per
562 3208 635 3267 baec
648 3206 733 3268 dolor
747 3225 804 3267 non
819 3207 922 3284 linitur,
936 3223 1038 3266 neces·

39 3296 135 3354 sariae
158 3301 223 3352 sunt
248 3295 309 3351 sine
316 3293 408 3351 ferro
434 3291 644 3360 cucurbitulae;
674 3292 698 3350 si
719 3309 755 3350 ne
778 3310 831 3370 per
850 3291 902 3350 has
925 3289 1039 3370 quiderm

38 3385 213 3436 tormentum
229 3377 348 3451 tollitur,
366 3375 517 3436 incidenda
533 3377 682 3450 cutisest,
707 3383 735 3436 et
757 3385 814 3436 tum
827 3375 872 3434 his
893 3372 1037 3435 utendum.
1099 3403 1102 3412 =

39 3459 177 3522 Ultimum
200 3460 335 3522 auxilium
356 3470 416 3537 est,
436 3460 461 3520 si
482 3459 678 3520 cucurbitulae
696 3459 764 3520 nibil
786 3459 969 3538 profuerunt,
986 3471 1039 3532 per
