2392 3906
169 187 210 249 66
462 202 495 248 n.
511 199 541 248 c.
559 199 657 250 canan
672 201 864 250 unmcman

49 389 60 410 .
168 353 249 412 vixit.
282 353 371 412 Omne
394 355 478 414 etiam
492 353 583 413 lerum
600 354 701 414 animal
717 355 874 414 domestico
890 353 996 422 levium
1020 359 1050 412 et
1067 351 1143 429 quod-

170 453 289 514 cumque
310 437 425 497 humido
447 437 548 514 coelo,
571 455 654 514 quam
669 438 746 516 qnod
759 440 840 498 sicco
854 446 950 496 natum
965 447 1018 496 est.
1048 434 1145 494 Deinde

169 519 269 578 eadem
290 521 382 578 omnia
404 521 534 599 pinguia,
561 539 643 598 quam
657 539 767 589 macra;
793 522 936 595 recentia,
959 538 1047 598 ,quam
1068 519 1145 584 salsa;

169 621 258 680 nova,
281 621 363 681 quam
378 612 507 680 vetusta,
530 603 594 682 plus
622 604 746 663 alimenti
767 603 882 662 habeut.
911 603 982 663 Tum
997 621 1048 662 res
1064 600 1148 661 eaden

168 687 260 762 magis
282 687 331 747 alit
348 688 511 762 jurulenta,
537 703 620 763 quam
643 706 723 754 assa;
750 689 841 763 magis
864 703 946 761 assa,
970 705 1055 764 qnam
1077 685 1163 744 elixas

170 771 260 829 Ovum
281 769 379 831 durum
395 771 605 830 valentissimae
620 771 757 831 materiae
771 780 831 838 est;
854 769 959 844 molle,
977 770 1025 829 vel
1043 767 1149 841 sorbile,

99 923 105 932 ἡ
168 853 420 914 imbecillissimae.
448 853 597 932 Quumque
625 855 757 932 panificia
787 853 880 914 omnia
908 855 1070 912 firmissima
1099 853 1149 924 sint,

170 937 248 996 elota
260 946 353 995 tamen
368 936 504 1015 quaedam
516 953 625 1012 genera
634 937 777 1010 irunnenti,
789 946 818 996 ut
829 937 914 1012 alica,
927 953 1028 1011 oryza,
1042 935 1150 1013 ptisana,

168 1021 216 1078 vel
237 1037 275 1078 ex
294 1020 395 1078 iisdem
415 1019 490 1078 lacta
510 1020 650 1096 sorbitio,
674 1029 722 1080 ant
742 1019 895 1099 pulticula,
919 1029 948 1078 et
962 1035 1038 1099 aqna
1052 1033 1151 1097 quoqne

168 1101 284 1162 madens
301 1103 392 1178 panis,
409 1102 640 1163 imbecillissimis
655 1105 832 1163 anntnmerari
851 1111 958 1181 potest.
1156 1106 1180 1145 l

231 1183 276 1242 Ex
297 1185 461 1261 potionibus
481 1203 553 1246 vcro
573 1204 769 1266 quaecamque
791 1204 829 1245 ex
849 1187 993 1245 frumento
1012 1186 1092 1245 facta
1111 1190 1150 1256 εει
1178 1223 1180 1260 ,

168 1270 293 1344 itemque
309 1268 365 1343 lac,
380 1269 510 1346 mulsum,
526 1268 676 1345 defrutum,
692 1287 818 1348 passum,
833 1271 928 1328 vinum
943 1272 990 1328 aiat
1005 1265 1102 1342 dulce,
1117 1273 1151 1324 ant
1179 1269 1180 1288 l

168 1350 338 1426 vehemens,
362 1361 410 1411 aut
429 1362 564 1429 mustum,
585 1363 633 1412 aut
651 1371 773 1429 maguae
786 1346 954 1429 vetustatis,
977 1348 1151 1412 valentissimi

167 1435 285 1509 generis
306 1443 359 1492 est.
388 1435 427 1494 At
440 1444 568 1508 acetum,
588 1445 619 1496 at
638 1435 666 1495 id
687 1438 782 1496 vinum
804 1435 881 1513 quod
904 1452 1064 1513 paucorum
1079 1449 1149 1494 anuo

168 1533 244 1592 rum,
266 1516 314 1577 vel
338 1527 480 1579 austerum
517 1519 565 1578 vel
589 1521 695 1598 pingue
716 1528 777 1593 est,
798 1520 827 1576 in
849 1518 941 1578 media
961 1520 1084 1578 materia
1105 1521 1168 1573 estut

167 1599 290 1678 ideoque
306 1603 421 1660 infirmis
443 1563 592 1681 noloquam
608 1604 727 1678 generis
740 1601 858 1661 alterius
872 1602 934 1662 dari
950 1601 1050 1661 debet.
1083 1600 1150 1676 llqna

168 1685 289 1742 omnium
313 1685 537 1744 imbecillissima
557 1694 611 1744 est.
652 1685 830 1762 Firmiorque
858 1703 896 1744 ex
915 1686 1063 1744 frumento
1085 1682 1150 1763 potio

167 1777 227 1840 est,
252 1784 307 1845 quo
330 1767 445 1826 firmius«
457 1778 502 1826 est
521 1769 613 1845 ipsum
633 1769 817 1827 frumentum:
842 1769 950 1828 tirmior
970 1787 1008 1827 ex
1029 1785 1068 1827 eo
1089 1768 1150 1836 vino,

168 1849 244 1928 quod
257 1849 334 1909 bono
351 1851 424 1927 solo,
441 1869 524 1928 quam
540 1851 616 1928 quod
630 1853 724 1920 tenui;
741 1851 875 1929 quodque
891 1860 1055 1929 temperato
1069 1846 1149 1918 coelo,

167 1951 249 2013 quam
266 1933 343 2010 quod
360 1927 502 1993 'autmimis
517 1933 646 2010 humido,
663 1943 710 1993 aut
725 1937 806 1994 nimis
821 1935 913 2009 sicco,
929 1935 1102 2012 nimiumque
1116 1935 1180 2003 nuta,

166 2016 289 2093 frigido,
300 2025 346 2075 aut
358 2017 452 2076 calido
463 2026 558 2077 natam
571 2026 624 2076 est.
651 2016 783 2094 llulsum,
801 2033 858 2095 quo
872 2017 936 2096 plus
949 2017 1046 2076 mellis
1063 2014 1149 2077 habeo
1178 1995 1180 2104 l

167 2098 317 2174 defrutum,
335 2117 391 2177 quo
407 2101 498 2176 magis
512 2103 670 2176 incoctum
686 2119 818 2178 passum,
840 2118 899 2178 quo
916 2119 953 2159 ex
966 2101 1095 2159 sicciore
1108 2111 1149 2154 uva
1179 2139 1180 2142 ,

167 2193 221 2259 est,
245 2201 280 2242 eo
301 2182 442 2244 valentius
464 2192 517 2243 est.
548 2185 632 2262 Aqua
653 2185 798 2244 levissima
821 2184 956 2261 pluvialis
977 2193 1035 2251 est;
1061 2177 1148 2241 deinde
1179 2189 1180 2258 t

166 2268 297 2334 lontano:
322 2276 378 2326 tum
399 2285 438 2328 ex
457 2267 585 2335 dumine;
609 2278 665 2328 tam
687 2285 725 2327 ex
745 2276 849 2345 putem
869 2266 1075 2344 posthaeeex
1088 2265 1149 2333 nire,
1179 2269 1180 2282 ¹

166 2360 214 2410 aut
229 2351 337 2426 glacie:
356 2353 474 2428 metior
490 2351 550 2427 his,
571 2367 609 2409 ex
629 2351 708 2418 lacu;
726 2350 912 2425 gravissima,
927 2367 966 2408 ex
983 2349 1088 2426 palude
1105 2343 1169 2424 (cl.i

168 2433 262 2501 Orib.;
287 2432 365 2494 coti.
382 2436 458 2494 med.
473 2436 510 2507 V,
529 2437 563 2508 l,
578 2434 672 2510 sqq).
705 2431 811 2491 Facilis
837 2433 921 2492 etiam
946 2442 975 2490 et
997 2428 1149 2492 necessaria

168 2516 294 2590 cognitio
310 2526 357 2574 est
372 2527 498 2576 naturam
512 2517 576 2589 ejas
591 2513 811 2592 requirentibus.
837 2513 910 2574 Nam
927 2516 1012 2590 levis,
1031 2512 1148 2594 pondere

167 2606 303 2674 apponam
321 2607 350 2655 et
365 2617 402 2656 ex
416 2600 461 2673 iis,
478 2615 552 2675 quae
568 2597 699 2674 pondere
715 2606 888 2675 parescunt,
907 2615 944 2656 eo
959 2599 1063 2658 melior
1075 2609 1148 2676 quae-

168 2697 222 2755 que
238 2688 297 2752 est,
321 2697 377 2756 quo
393 2681 516 2738 celerius
531 2688 560 2738 et
573 2679 669 2738 calefit
684 2688 715 2738 et
729 2679 878 2756 uigerem,
900 2699 1014 2760 quoque
1036 2679 1148 2741 celenas

167 2781 204 2820 ex
224 2779 257 2820 ea
277 2760 419 2837 legumina
437 2769 653 2840 percoquuntur
669 2761 763 2840 (Aple.
780 2765 817 2839 V,
833 2763 901 2840 26).
930 2764 1005 2824 llere
1021 2782 1092 2824 vero
1114 2767 1168 2818 sca

168 2847 275 2922 quitur,
296 2855 341 2920 ut,
364 2861 420 2921 quo
434 2844 576 2904 valentior
592 2862 723 2922 quaeque
738 2849 857 2906 materia
873 2856 935 2923 est,
961 2865 997 2907 eo
1013 2851 1102 2910 minus
1116 2843 1149 2900 lt·

169 2928 223 2988 cile
250 2937 462 3006 concoquetur;
493 2928 544 2988 sed
570 2929 596 2988 si
623 2938 764 2989 concocta
786 2939 847 3006 est,
875 2929 941 3008 plus
963 2932 1029 2990 alat.
1062 2931 1149 3003 ltaqie
1179 2991 1180 2994 ,

167 3011 299 3071 utendum
314 3021 360 3070 eet
378 3013 513 3070 materiae
531 3029 640 3088 genere
654 3031 707 3090 pro
722 3003 832 3072 viribus
841 3035 848 3083 ;
866 3013 1024 3092 modusque
1040 3011 1148 3074 omnium

167 3112 221 3172 pro
248 3113 357 3169 genere
385 3095 545 3154 sumendus.
583 3095 664 3172 Ergo
692 3095 843 3156 imbecillis
865 3096 1042 3173 bominibus,
1074 3093 1147 3155 rebus
1179 3135 1180 3150 2

168 3179 363 3240 infirmissimis
378 3197 453 3258 opos
467 3189 525 3248 est;
541 3178 723 3240 mediocriter
737 3182 834 3240 firmos
849 3178 941 3239 media
956 3181 1073 3240 materia
1086 3173 1162 3254 opti-³⁵
1179 3169 1180 3180 ’

168 3277 212 3318 me
235 3263 367 3330 sustinet;
388 3271 420 3322 et
439 3263 565 3323 robustis
590 3257 657 3340 apta
670 3264 922 3334 'validissimaest
966 3263 1034 3323 Plus
1055 3255 1145 3322 deinde
1178 3313 1179 3316 ,

169 3345 270 3422 uliquis
285 3363 430 3406 assumere
445 3365 484 3406 ex
500 3345 657 3405 levioribus
672 3355 785 3424 potest:
801 3351 892 3422 magis
907 3349 937 3406 in
954 3350 1004 3422 iis,
1020 3363 1091 3425 quae
1105 3355 1142 3399 tt·

168 3427 324 3490 lentissima
340 3439 413 3506 sunt,
430 3439 591 3509 temperare
608 3429 660 3488 sibi
676 3430 771 3495 debet.
