2384 3896
370 199 440 248 um.
456 199 488 248 v.
506 199 581 248 cnr.
598 159 719 248 καιναὶ.
747 221 749 228 ,
972 187 1033 251 207

26 325 387 434 scalpelloexciderunt:
404 370 500 432 neque
513 353 567 415 ulii
587 339 718 432 umquam
735 354 876 416 medicina
892 355 1034 436 profecit:
1072 366 1082 390 i

28 437 89 496 sed
114 437 218 496 adusta
240 438 370 516 protinus
394 439 537 498 concitata
559 445 639 513 sunt,
662 445 691 496 et
717 439 917 518 increverunt,
940 439 1035 502 donec

28 520 224 588 occiderent;
248 521 348 581 excisa
370 525 454 580 etiam
479 529 546 600 post
568 521 710 581 inductam
733 525 915 600 cicatricem,
939 533 1034 584 tamen

29 612 239 680 reverterunt,
257 613 413 666 etecusam
425 607 526 665 mortis
538 605 707 667 attuierunt:
724 622 809 683 quum
825 608 937 666 interim
948 607 1034 685 pieri·

8 705 95 766 sque
111 687 220 746 nuliam
236 689 293 748 vim
308 686 489 764 adhibendo,
505 706 560 766 qua
572 688 678 748 toliere
688 689 715 749 id
727 689 830 748 maium
842 698 968 764 tentent,
982 689 1035 749 sed

32 770 216 849 imponendo
236 779 343 848 tantum
365 771 439 832 lenia
461 773 684 848 medicamenta,
702 789 776 850 quae
792 775 872 851 quasi
887 772 1033 833 blandian-

34 855 101 929 tur,
119 854 271 932 quominus
288 853 323 914 ad
339 854 465 914 ultimam
488 864 666 916 senectutem
686 859 870 934 perveniant,
889 873 946 915 non
959 857 1033 934 'pro-

34 935 203 996 hibeantur.
240 937 417 998 Discernere
439 947 533 998 autem
558 939 734 1014 cacoethes,
757 938 833 1018 quod
858 940 1034 1000 curationem

34 1021 159 1100 recipit,
176 1038 192 1080 a
205 1023 408 1098 carcinomate,
423 1023 499 1101 quod
517 1041 573 1082 non
588 1025 700 1101 recipit,
714 1040 799 1086 namo
814 1025 831 1057 *
839 1027 913 1084 solie
924 1031 1033 1102 potest,

8 1103 93 1166 :osed
113 1114 246 1183 tempore
267 1113 295 1164 et
311 1109 529 1184 experimento.
567 1106 647 1182 Ergo
673 1105 722 1164 ubi
748 1107 867 1185 primum
891 1107 920 1166 id
936 1108 1032 1166 vitium

37 1197 169 1247 notatum
190 1197 250 1265 est,
275 1191 382 1268 imponi
404 1189 510 1250 debent
530 1191 738 1250 medicamenta
760 1190 916 1250 adurentia.
949 1191 980 1250 Si
993 1191 1030 1250 ie·

37 1280 126 1331 vatur
142 1271 262 1348 malum,
284 1275 502 1352 minuunturque
519 1276 581 1350 ejus
602 1273 723 1350 indicia,
742 1273 904 1352 procedere
924 1277 1033 1334 curatio

38 1363 143 1434 potest
160 1363 190 1414 ει
203 1355 238 1414 ad
251 1356 438 1434 scalpellum,
456 1367 484 1416 ει
497 1357 532 1417 ad
547 1359 701 1416 ustionem:
718 1359 742 1415 si
755 1358 886 1436 protinus
896 1359 1034 1417 irritatum
1100 1367 1105 1374 “

40 1447 105 1514 est,
138 1436 215 1498 scire
245 1439 314 1498 iicet
336 1442 395 1516 jam
424 1441 586 1500 carcinoma
609 1459 689 1507 esse:
717 1439 950 1518 removendaque
971 1449 1034 1499 sunt

8 1541 31 1582 u
42 1521 139 1582 omnia
156 1523 250 1598 acria,
266 1524 359 1584 omnia
377 1522 568 1584 vehementia.
600 1522 657 1582 Sed
672 1524 697 1582 si
713 1525 774 1582 sine
789 1525 890 1585 ulcere
911 1525 936 1583 is
952 1523 1034 1582 locus

40 1604 131 1665 durus
146 1614 208 1680 est,
231 1608 338 1686 imponi
360 1608 443 1666 houm
465 1625 548 1685 quam
569 1607 801 1685 pinguissimam,
822 1617 869 1668 aut
887 1606 1034 1686 rhypodes

41 1689 229 1768 emplastrum
250 1689 324 1769 (19,
343 1691 398 1769 15)
420 1691 490 1750 satis
505 1700 559 1750 est.
589 1692 619 1749 Si
636 1690 717 1750 ulcus
735 1691 856 1767 aequale
872 1699 931 1766 est,
954 1708 1033 1750 cera·

40 1783 99 1832 tum
127 1790 164 1832 ex
187 1790 253 1838 rosa
277 1773 459 1851 injiciendum
486 1783 543 1850 esi,
572 1773 809 1851 adJiciendusque
832 1775 859 1834 ei
879 1775 974 1853 pulvis
997 1790 1035 1832 ex

43 1857 168 1916 contrita
184 1865 273 1933 testa,
290 1875 327 1916 ex
342 1875 396 1935 qua
411 1857 493 1918 labar
509 1858 648 1918 ferrarius
661 1859 774 1934 tingere
787 1856 912 1917 candens
928 1858 1033 1916 ierrum

8 1939 148 2002 rosolitus
165 1948 218 1998 est.
245 1941 275 2000 st
289 1941 318 2000 id
335 1943 447 2000 nimium
463 1943 659 2020 supercrevit,
676 1940 810 2001 tentanda
826 1957 943 2018 squama
959 1940 1035 1999 aeris

44 2030 109 2098 est,
134 2041 208 2101 quac
231 2023 377 2084 lenissima
400 2043 437 2084 cx
460 2024 644 2085 adurentibus
666 2032 726 2101 est,
754 2032 889 2098 eatenus,
911 2042 946 2082 ne
969 2022 1036 2101 quid

44 2107 174 2165 eminere
199 2109 337 2184 patiatur:
364 2107 415 2167 sed
439 2109 493 2184 ita,
520 2108 544 2166 si
567 2107 637 2168 nihil
659 2106 860 2168 exacerbabit:
875 2105 1035 2182 sinminus,

44 2189 151 2250 eodem
169 2200 268 2251 cerato
284 2194 411 2253 conteuti
427 2209 494 2251 esse
510 2190 688 2250 debebimus.
810 2235 811 2238 ι

109 2273 139 2334 3.
162 2272 215 2333 Est
231 2277 315 2334 etiam
330 2276 425 2352 uleus,
443 2275 519 2353 quod
533 2274 614 2354 nuci
616 2294 705 2353 ωμα
701 2258 804 2334 Graeci
820 2281 933 2334 vocant.
959 2271 991 2332 Id
1008 2282 1037 2332 ει

12 2379 36 2420 α
47 2373 102 2436 per
117 2373 150 2416 se
161 2359 302 2435 nascitur,
319 2368 347 2419 et
362 2359 501 2418 interdum
513 2359 603 2418 ulceri
618 2376 655 2418 ex
671 2358 726 2418 alia
742 2374 828 2418 eausa
839 2357 917 2418 iacto
936 2374 1035 2434 snper·

45 2441 133 2500 venit
161 2438 250 2502 Color
264 2452 309 2502 est
325 2443 371 2502 vel
389 2442 506 2521 lividus,
523 2443 570 2502 vel
585 2460 682 2518 niger
700 2441 772 2501 odor
786 2441 905 2510 ioedus
921 2439 1035 2515 mulius,
1086 2437 1095 2447 “

32 2534 75 2584 ει
99 2540 183 2583 muco
207 2526 306 2585 similis
325 2526 441 2586 humor:
464 2527 554 2603 ipsum
578 2526 658 2585 uicus
679 2543 774 2603 neque
794 2533 917 2601 tactum,
943 2541 1036 2603 neque

46 2607 282 2668 medicamentum
303 2611 403 2677 sentit;
426 2611 573 2687 prurigine
598 2617 704 2669 tantum
727 2618 875 2669 movetur:
903 2617 932 2668 at
959 2609 1036 2668 circa

48 2691 133 2750 dolor
149 2699 207 2769 εει,
224 2701 252 2752 ει
267 2693 465 2760 inflammatio;
484 2693 622 2752 interdum
638 2695 723 2753 etiam
740 2691 830 2752 labris
845 2694 948 2762 oritur;
966 2709 1035 2751 non·

15 2789 198 2872 sonumpnam
215 2793 252 2835 ex
267 2777 375 2837 ulcere
374 2777 498 2854 sanguis
510 2778 645 2855 erumpit:
661 2784 747 2856 atque
760 2776 789 2836 id
803 2794 919 2856 quoque
934 2776 1037 2836 malum
1050 2791 1071 2811 r
1115 2809 1119 2816 ,

49 2859 149 2934 serpit.
180 2858 260 2932 Quae
282 2862 374 2920 omnia
392 2879 481 2940 saepe
496 2861 692 2930 intenduntnr;
717 2863 806 2938 dique
824 2879 861 2920 ex
878 2859 1035 2933 bisulcus,

49 2939 125 3020 qnod
149 2937 355 3019 φαγέδαιναν
377 2944 479 3006 Graeci
494 2952 615 3020 vocant,
642 2945 707 3032 quia
723 2943 860 3003 celeriter
875 2939 1036 3020 serpendo,

49 3025 286 3104 penetrandoque
300 3045 392 3106 usque
404 3045 471 3088 ossa
479 3045 610 3107 ,eorpus
625 3035 717 3088 vorat.
743 3025 775 3086 ld
789 3025 871 3084 ulcus
883 3023 1035 3104 inaequale

50 3117 109 3184 est,
125 3123 218 3168 coeno
242 3111 348 3179 simile;
370 3114 504 3190 inestque
518 3112 622 3172 multus
644 3111 745 3170 humor
765 3108 946 3186 glutinosus,
963 3110 1036 3170 odor

19 3190 253 3270 saintoierabilis,
275 3196 424 3274 majorque
449 3211 531 3272 mam
552 3195 605 3273 pro
619 3193 705 3254 modo
723 3193 830 3254 ulceris
845 3192 1035 3254 inflammatio.

51 3275 225 3352 Utrumque,
248 3276 322 3337 sicut
341 3279 432 3337 omnis
453 3295 574 3354 cancer,
597 3279 628 3338 iit
647 3277 770 3338 manime
788 3277 816 3336 in
838 3277 971 3355 senibus,
988 3275 1036 3336 vei

51 3359 84 3418 iis
100 3375 219 3436 quorum
238 3377 362 3439 corpora
377 3360 443 3421 mali
458 3359 570 3420 habitus
587 3369 660 3420 sunt.
691 3359 807 3422 (iuratio
825 3364 972 3440 utriusque
988 3375 1034 3418 ea·

52 3441 114 3502 dem
129 3450 188 3512 est3
209 3441 303 3505 sedin
325 3447 435 3523 majore
454 3444 530 3504 malo
547 3446 638 3521 major
654 3445 698 3504 vis
711 3447 886 3506 necessaria.
918 3445 963 3503 Ac
978 3443 1034 3521 pri-
