2384 3896
417 701 462 773 A.
477 694 724 774 CORNELII
737 693 886 771 OELSI

226 869 492 953 ARTIUM
529 865 1082 972 LlssllnDEcIMtts

612 1039 693 1080 IDEM

403 1163 661 1230 MEDICINAE
692 1161 901 1243 QUINTUS.

325 1511 331 1522 .
411 1474 448 1525 De
464 1474 701 1524 medicamentorum
720 1472 890 1524 securitatibus.

217 1627 283 1687 Dixi
305 1626 340 1685 de
362 1627 397 1686 iis
418 1626 500 1699 malis
525 1626 674 1706 corporis,
699 1625 800 1707 quibus
822 1625 914 1684 victus
937 1626 1010 1685 ratio
1030 1625 1144 1682 maxime

157 1711 303 1770 subvenit:
325 1726 400 1768 nuuc
422 1710 623 1769 transeundum
645 1719 690 1768 est
711 1709 747 1769 orl
769 1727 831 1768 earn
851 1709 1011 1768 medicinae
1031 1717 1144 1786 purten,

157 1812 230 1873 quae
247 1795 339 1869 magis
354 1792 569 1852 medicamentis
585 1802 701 1873 pugnat.
730 1793 781 1852 llis
796 1793 912 1852 multum
926 1793 1036 1870 antiqui
1055 1801 1144 1851 aucto-

156 1896 205 1936 res
224 1875 399 1952 tribuerunt,
431 1885 460 1936 ct
480 1876 688 1954 Erasistratus,
718 1879 789 1936 etii
815 1879 862 1956 qui
886 1896 918 1936 se
939 1867 1159 1956 ἐμπειρικούςε

156 1961 386 2030 nominaverunt;
412 1963 570 2041 praecipue
590 1971 684 2021 tamen
705 1960 897 2040 Heropbilus,
919 1960 1097 2037 deductique
1116 1959 1144 2019 ab

157 2044 208 2104 illo
236 2045 303 2113 viri;
337 2044 411 2103 adeo
436 2054 465 2104 nt
490 2045 596 2104 nullum
622 2043 713 2104 morbi
739 2053 831 2122 genus
855 2047 917 2104 sine
938 2045 982 2104 his
1006 2052 1143 2102 curarent.

158 2128 304 2206 Multaque
325 2129 408 2188 etiarn
430 2129 465 2188 de
488 2129 670 2188 facultatibus
696 2129 967 2189 medicamentorum
993 2131 1144 2187 memoriae

157 2212 357 2292 prodiderunt,
367 2213 469 2290 *qualia
481 2222 545 2271 sunt
557 2213 605 2271 vel
617 2213 758 2290 Zenonis,
773 2213 821 2272 vel
833 2212 983 2290 Andreae,
997 2211 1048 2271 rel
1060 2210 1144 2289 Apol·

159 2297 230 2356 lonii
257 2296 305 2374 qni
324 2296 388 2371 Mys
414 2298 631 2373 cognominatus
653 2305 708 2356 est.
757 2295 865 2355 llornrn
892 2305 987 2356 autem
1009 2314 1092 2354 nsum
1114 2313 1167 2358 ero

155 2398 260 2456 magna
278 2389 359 2458 parte
376 2380 569 2459 Asclepiades
584 2398 641 2440 uon
657 2383 719 2440 sine
736 2399 821 2440 causa
837 2379 963 2447 sustulit;
997 2389 1044 2454 et,
1067 2396 1144 2457 quun

158 2465 249 2522 omnia
275 2464 337 2523 iere
359 2463 565 2524 medicamenta
581 2465 758 2524 stomachum
774 2464 904 2539 laedant,
927 2463 1056 2541 malique
1072 2462 1144 2521 succi

157 2549 227 2619 sint,
254 2545 289 2604 ad
311 2547 401 2625 ipsius
426 2548 519 2606 victus
539 2551 677 2608 rationem
699 2549 794 2626 potius
818 2565 930 2608 omnem
950 2565 1050 2608 curam
1073 2565 1145 2606 suam

157 2627 308 2687 transtulit.
346 2628 469 2705 Verum,
492 2631 612 2692 utillud
635 2633 663 2690 in
685 2631 832 2710 plerisque
853 2631 962 2691 morbis
979 2631 1079 2690 utilius
1095 2639 1143 2704 est,

157 2713 199 2771 sic
220 2711 306 2771 multa
328 2711 476 2772 admodum
501 2716 674 2794 corporibus
694 2717 800 2775 nostris
817 2715 944 2776 incidere
961 2723 1166 2787 consuerentur

157 2813 230 2874 quae
252 2797 313 2855 sine
327 2795 541 2858 medicamentis
556 2798 593 2859 nd
610 2800 758 2859 sanitatem
777 2799 930 2878 pervenire
944 2815 1003 2858 non
1017 2806 1143 2876 possunt.

155 2879 228 2941 lllud
244 2890 309 2941 ante
325 2882 417 2941 omnia
432 2885 508 2942 scire
525 2892 657 2962 oportet,
674 2883 751 2961 quod
766 2901 864 2943 omnes
876 2883 1037 2943 medicinae
1052 2891 1143 2963 partes

157 2967 196 3022 ita
211 2967 333 3025 innexae
348 2975 428 3044 sunt,
451 2975 481 3025 ut
496 2985 534 3024 ex
548 2976 608 3026 toto
626 2967 755 3044 separari
770 2984 826 3026 non
841 2967 968 3045 possint;
990 2966 1043 3026 scd
1060 2965 1095 3026 ab
1112 2981 1142 3023 eo

156 3063 260 3106 nomen
275 3049 404 3127 trahant,
426 3068 442 3110 a
458 3067 514 3129 quo
530 3050 680 3129 plurimum
695 3060 806 3129 petunt.
845 3050 927 3127 Ergo
942 3059 973 3111 ut
988 3051 1057 3129 illa,
1076 3066 1143 3127 quae

156 3130 233 3187 victu
248 3141 344 3208 curat,
366 3132 517 3210 aliquando
533 3134 768 3194 medicamentum
785 3133 917 3212 adhibet,
940 3137 978 3194 ita
992 3134 1059 3210 illa,
1076 3149 1165 3212 quaen

156 3213 315 3290 praecipue
339 3215 554 3276 medicamentis
579 3227 702 3295 pugnat,
734 3217 872 3278 adhibere
898 3218 983 3278 etiam
1008 3218 1141 3276 rationem

155 3297 249 3354 rictus
273 3295 377 3374 debet,
400 3316 473 3376 quae
495 3300 610 3359 multum
625 3301 776 3361 admodum
790 3303 818 3360 in
836 3300 965 3361 omnibus
982 3301 1066 3361 malis
1086 3318 1141 3359 cor·

93 3451 105 3466 .
155 3379 235 3456 poris
252 3381 376 3457 prolicit.
401 3381 458 3441 Sed
477 3401 560 3461 quum
578 3387 671 3445 onnria
686 3385 891 3445 medicamenta
907 3386 1042 3464 proprias
1058 3383 1140 3444 lacul-

5 3501 6 3512 ,
106 3504 111 3513 .
154 3470 229 3522 tates
245 3462 393 3554 habeant,
405 3483 440 3526 ac
457 3485 547 3545 saepe
564 3469 705 3547 simplicia
721 3470 915 3548 opitulentur,
939 3487 1029 3548 saepe
1045 3465 1139 3534 mixta
