2372 3892
153 223 161 228 .
223 245 225 250 Ι
333 197 335 200 -
368 185 437 246 crs.
454 187 514 238 ιιι.
538 187 613 239 cur.
629 191 731 242 xxvi,
983 185 1044 248 313

38 341 184 402 vesicam
208 338 339 418 urgendo
364 340 466 402 vulcus
497 343 732 440 irritcn·quam
759 345 859 408 calore
878 349 1043 429 proliciunt.
1073 332 1077 337 ⁴
1155 322 1172 342 κ

39 424 136 502 Ergo
150 443 187 484 ue
201 424 345 484 vinculum
366 425 480 502 quidem
501 427 586 487 ullum
607 430 801 491 necessarium
821 431 875 492 cit.
908 434 1043 494 Proximo

41 507 120 583 dic,
143 511 168 568 si
187 509 305 587 spiritur
327 509 472 570 diiiicilius
487 509 631 588 redditur,
657 515 681 572 si
696 516 776 574 urina
792 531 848 574 rou
870 517 1001 594 excedit,
1018 519 1044 577 si

42 591 139 652 locus
167 594 243 651 circa
269 591 373 670 pubem
397 603 507 653 mature
529 595 675 671 intumuit,
702 599 777 656 scire
804 598 871 658 licet
896 601 924 658 iu
944 603 1058 660 vesica¹

8 675 225 752 esauguiuem
247 684 412 735 concretum
433 679 617 737 remansisse.
651 678 756 756 Igitur,
783 681 915 741 demissis
939 685 1043 743 codem

43 758 143 842 mode
157 758 268 834 digitis,
284 757 387 818 leuiter
406 762 607 837 pertractanda
621 765 720 822 vesica
735 770 796 840 est,
819 773 849 824 et
865 765 1042 827 discutienda

43 842 79 900 si
94 857 150 918 qua
165 843 310 901 coierunt:
325 857 382 919 quo
399 843 445 918 lit,
461 852 490 902 ut
506 860 559 921 per
571 845 671 904 vulnus
683 855 786 923 postea
802 845 960 925 procidant.
976 849 1043 910 Nou

45 924 178 985 alienum
193 925 278 984 etiam
296 934 357 1001 eet,
383 926 536 987 oriculario
560 927 687 1002 clystere
709 937 820 990 acetum
836 933 909 991 uitro
926 933 1043 992 mixtum

45 1025 110 1086 per
131 1006 243 1086 plagam
264 1007 292 1066 iu
313 1010 438 1067 vesicam
458 1010 652 1089 compellere:
673 1029 737 1072 uam
758 1014 801 1072 sic
817 1030 932 1093 quoque
948 1015 1041 1075 disca·

6 1092 176 1168 reticetur,
194 1092 218 1149 si
231 1107 285 1167 qua
304 1101 421 1153 cruenta
437 1095 576 1153 coierunt.
607 1093 708 1173 anue
730 1095 831 1156 iacere
847 1099 931 1158 ctiam
950 1099 1042 1176 prime

45 1175 102 1236 die
120 1176 267 1248 eosvenit,
291 1175 315 1234 ai
337 1175 467 1240 timemus
487 1193 523 1236 ue
548 1179 615 1255 quid
631 1180 703 1238 lutus
719 1179 768 1238 sit:
797 1181 978 1259 maximeque
993 1181 1041 1241 ubi

44 1257 226 1320 ambulando
246 1257 275 1316 id
295 1257 403 1318 elicere
423 1259 605 1320 imbecillitas
628 1261 781 1340 prohibuit.
815 1261 919 1324 Cetera
941 1263 1042 1324 eedem

44 1341 186 1406 facienda
200 1349 279 1406 suut:
294 1349 323 1403 ut
338 1341 500 1402 demittatur
514 1344 673 1420 maelium,
695 1354 725 1404 ut
744 1345 848 1406 codem
865 1348 952 1407 modo
973 1365 1040 1427 pau-
1117 1404 1125 1420 ,

43 1428 182 1503 miculas,
199 1428 302 1488 eodem
318 1427 382 1489 iana
400 1426 642 1503 superinjicirtur.
671 1428 730 1488 Sed
743 1445 839 1506 meque
860 1447 967 1508 saepe,
989 1447 1038 1491 ue·

6 1527 34 1570 m
47 1529 111 1592 quc
125 1511 229 1572 tamdiu
243 1513 357 1589 imaque
374 1509 466 1572 calida
486 1525 559 1587 puer
576 1509 738 1587 habendus,
759 1529 842 1590 quam
866 1513 1040 1574 adolescens

44 1603 112 1664 est;
129 1596 270 1674 infirmus,
292 1611 375 1673 quam
397 1595 512 1663 valeus;
528 1596 608 1674 leri,
636 1611 718 1672 quam
738 1596 872 1672 graviore
888 1596 1039 1656 iuilamma·

43 1680 133 1740 tioue
157 1679 295 1748 allectum
317 1680 357 1754 is,
379 1679 461 1754 cujus
482 1695 589 1756 corpus
610 1677 767 1756 digeritur,
794 1696 875 1757 quam
892 1680 933 1756 is,
957 1681 1039 1755 cujus

46 1762 218 1823 adstrictum
236 1771 291 1821 cst.
319 1760 398 1822 luter
417 1762 491 1822 haec
514 1778 602 1837 vero,
626 1763 650 1821 si
674 1779 790 1822 somnus
805 1771 867 1839 est,
890 1771 919 1823 et
933 1779 1037 1842 aequa·

45 1847 89 1907 lis
104 1844 229 1924 spiritus,
247 1855 276 1905 ct
291 1844 407 1905 madeus
423 1846 529 1923 lingua,
546 1853 574 1904 et
589 1846 651 1906 sitis
663 1846 791 1922 modica,
808 1855 837 1906 et
848 1855 949 1906 venter
965 1848 1037 1906 imus

5 1928 153 2005 accedet,
167 1938 198 1988 vet
212 1928 368 1988 mediocris
383 1937 429 1990 cst
443 1945 506 1990 cum
520 1928 603 1989 lehre
623 1929 735 1990 modica
757 1930 857 2007 dolor,
879 1932 953 1990 scire
968 1928 1039 1990 licet
1115 1926 1120 1934 '

45 2021 134 2074 recte
150 2015 326 2072 curationem
342 2011 516 2090 procedere.
550 2011 645 2090 Atque
661 2014 689 2071 in
706 2014 751 2074 his
773 2012 953 2072 inflammatio
974 2013 1039 2074 iere

48 2097 151 2176 quicto
167 2096 216 2156 vel
232 2097 355 2175 septimo
371 2095 417 2154 die
433 2096 541 2155 licitur:
564 2113 619 2174 qua
643 2093 751 2173 levata,
774 2096 876 2156 solium
899 2112 1038 2174 superva-

50 2197 137 2240 cuum
158 2187 218 2240 cst:
246 2181 338 2256 supini
359 2179 550 2239 tautummodo
571 2178 672 2238 saluus
687 2194 761 2258 aqua
776 2178 868 2239 calida
883 2179 1039 2240 fovendum

48 2271 108 2337 est,
126 2271 165 2338 ut,
182 2265 207 2322 si
222 2263 289 2340 quid
301 2263 400 2323 urinae
413 2264 499 2340 rodit,
517 2261 637 2323 eluatur.
655 2261 829 2340 imponenda
846 2269 938 2322 autem
949 2262 1038 2322 medi·

7 2357 40 2400 sc
52 2355 185 2407 cementa
200 2355 264 2406 sunt
278 2363 332 2424 pus
346 2348 505 2416 moventia;
525 2355 563 2420 et,
581 2347 604 2404 si
620 2345 796 2424 purgandum
813 2345 914 2405 uulnus
928 2345 1037 2405 videbi·

48 2438 110 2505 tur,
127 2428 213 2488 melle
230 2429 381 2490 licendum.
414 2429 446 2490 ld
462 2430 486 2488 si
501 2429 601 2506 rudet,
625 2446 692 2490 rosa
709 2429 925 2508 temperabitur.
957 2427 1038 2489 Lina-

48 2521 147 2573 menta
162 2530 232 2572 vero
248 2521 304 2574 tum
320 2529 410 2592 super
420 2512 523 2572 uulnus
538 2529 594 2572 nou
606 2521 670 2573 sunt
680 2514 860 2581 recesserim
878 2529 966 2590 super
979 2529 1038 2572 me·

50 2595 251 2672 dicrmerrtum,
269 2596 304 2656 ad
322 2596 349 2656 id
366 2595 582 2670 continendum,
608 2606 690 2657 recte
713 2598 904 2676 imponuntur.
939 2595 976 2654 m
992 2595 1040 2654 ubi

52 2679 153 2740 ruluus
170 2688 404 2758 purgatum-est,
426 2695 499 2757 puro
523 2677 675 2740 liuaurcrtto
697 2681 732 2740 ad
754 2681 919 2740 cicatricem
935 2678 1039 2759 perdu-

8 2763 174 2826 accendam
190 2772 244 2822 est.
279 2762 388 2838 Quibus
401 2761 580 2841 temporibus
597 2771 710 2840 tamem,
728 2765 752 2824 si
770 2763 965 2824 ielirccratio
982 2777 1039 2820 ucu

47 2847 114 2922 luit,
130 2848 207 2907 varia
222 2846 350 2925 pericula
368 2847 503 2906 oriuntur.
533 2845 614 2920 Quae
632 2849 801 2924 praesagire
817 2845 947 2925 protinus
959 2844 1049 2926 lieet,

47 2930 77 2992 ei
93 2931 224 2990 continua
240 2930 338 3008 vigilia
353 2939 413 3006 est,
430 2931 454 2989 si
470 2930 587 3007 spiritus
604 2929 774 3005 diiiicultas,
798 2932 821 2987 si
837 2928 941 3004 lingua
960 2925 1040 2988 arida

48 3022 112 3090 est,
135 3015 159 3073 si
183 3015 245 3073 sitis
258 3013 427 3090 vehemens,
443 3013 468 3072 si
485 3020 589 3072 venter
603 3012 674 3072 imus
688 3019 792 3087 tumet,
813 3011 837 3070 si
851 3010 954 3070 vulnus
968 3010 1049 3088 hiat„

48 3098 77 3158 si
91 3099 260 3158 transfluens
277 3097 357 3158 urina
379 3097 407 3157 id
428 3113 484 3155 acu
502 3095 590 3170 rodit,
613 3091 637 3156 si
652 3103 718 3155 autc
733 3096 845 3154 tertium
860 3094 935 3154 diem
952 3110 1038 3172 quae·

9 3201 38 3244 aa
49 3181 116 3242 dam
131 3181 216 3241 livida
228 3179 384 3258 excedunt,
399 3181 422 3239 si
436 3181 461 3238 is
478 3188 525 3240 aut
546 3179 636 3255 nihil,
659 3186 707 3238 aut
722 3178 804 3239 tarde
823 3176 997 3256 respondem
1014 3179 1040 3238 ai

48 3265 237 3326 vehementes
260 3264 379 3324 doleres
401 3271 481 3338 suut,
501 3265 525 3324 si
548 3273 614 3340 post
630 3262 705 3322 diem
720 3262 843 3341 quintum
858 3279 978 3340 maguae
994 3261 1038 3320 le·
1134 3290 1137 3298 ·

10 3385 14 3394 ·
48 3349 119 3410 ures
140 3356 258 3426 urgent,
279 3356 310 3407 ct
328 3346 470 3408 fastidium
495 3346 551 3407 eibi
574 3355 739 3424 permanet,
762 3345 785 3404 si
802 3345 910 3406 cubare
925 3346 953 3404 lu
969 3360 1038 3404 reu·

48 3441 124 3496 uem
132 3432 285 3510 iucundius
302 3441 356 3496 cst·
388 3429 466 3494 Nihil
482 3439 576 3495 tamen
588 3430 673 3512 pejus
687 3437 732 3494 est
747 3429 919 3494 distentione
934 3440 1038 3490 ceruc-
