2372 3892
138 185 199 248 244
430 191 835 242 suessanorum

139 354 204 414 dum
219 368 255 411 eo
270 350 354 410 lanae
373 349 487 429 paulum
502 355 562 416 est;
580 364 638 426 quo
653 349 717 428 ipse
736 347 761 406 ir
778 345 867 424 subit,
887 354 918 406 et
936 345 1026 406 simul
1043 353 1141 407 extra-

138 437 223 498 hitur.
256 435 286 494 Si
306 452 363 494 non
385 443 431 493 est
451 440 608 510 sequutus,
630 431 744 491 aliudne
766 430 869 490 animal
891 439 957 506 eet,
981 431 1144 510 specillum

138 521 203 580 lana
219 519 374 579 involutum
390 521 418 578 io
430 517 555 577 resinam
567 533 650 595 qoam
661 515 936 592 glutinosissimam,
952 515 1143 592 maximeque

138 602 358 664 terebinthinam
382 600 600 676 demittendum,
630 600 718 678 idque
739 601 768 658 in
785 616 885 660 aerem
906 599 1143 674 conjiciendum,

140 686 236 766 ibique
257 685 425 747 vertendum
440 694 500 744 est:
522 686 620 762 utique
635 685 712 742 enim
727 682 957 764 comprehendet
973 692 1006 742 et
1023 683 1159 742 eximets

140 774 190 832 Sin
211 771 318 849 aliquid
340 771 470 830 exanime
493 776 553 844 eat,
580 767 706 847 specillo
730 768 885 829 oriculario
905 766 1143 846 protrahendum

141 865 202 932 est,
225 865 273 915 aut
292 854 406 914 hamulo
428 862 526 913 retuso
549 851 663 930 paulum
677 860 846 912 recurvato:
867 853 891 912 si
907 853 965 912 istu
980 851 1062 910 nihil
1081 867 1142 929 pro·

59 929 63 940 '
141 941 255 1014 ficiunt,
277 947 374 1016 potest
389 938 493 997 eodem
509 936 594 995 modo
610 936 707 995 resine
726 935 864 1015 protrahi.
899 937 1144 995 Sternutamenta

141 1039 257 1102 quoqne
275 1023 388 1082 admota
403 1021 431 1080 id
447 1019 598 1079 commode
616 1019 742 1095 elidunt,
766 1028 815 1078 aut
829 1019 990 1080 cocolario
1008 1018 1143 1094 clystere

140 1124 213 1184 aqua
231 1106 417 1165 vehementer
432 1107 507 1164 intus
522 1103 681 1183 compulsa.
704 1102 812 1163 Tabula
826 1120 942 1181 quoque
959 1103 1166 1176 collocatuqs
1183 1115 1184 1140 ¹

140 1189 232 1249 media
247 1188 416 1264 inhaerens,
439 1187 582 1266 capitibus
597 1189 738 1265 utrimque
756 1187 966 1267 pendentibus,
987 1203 1143 1264 superque

140 1289 203 1332 eom
218 1272 304 1330 homo
319 1270 463 1348 deligatur
477 1274 505 1331 in
523 1271 550 1332 id
567 1272 641 1331 latus
658 1289 777 1348 versus,
799 1274 881 1348 cujus
896 1273 976 1331 auris
994 1286 1040 1330 co
1058 1270 1143 1329 modo
1176 1243 1184 1334 l

140 1354 270 1430 laborat,
298 1356 358 1430 eie,
383 1365 412 1415 ut
433 1366 514 1415 entra
538 1354 662 1416 tabulam
686 1372 744 1414 non
771 1357 908 1415 emineat:
940 1364 1003 1414 tum
1034 1354 1143 1414 malleo
1183 1335 1184 1402 l

141 1447 227 1518 capnt
249 1437 381 1515 tabulae,
405 1440 483 1516 quod
504 1439 659 1518 apedihus
680 1446 743 1514 est,
766 1438 881 1509 lenitum
903 1447 993 1518 atque
1010 1439 1059 1499 ita
1076 1455 1140 1498 eon·

25 1557 28 1564 ·
142 1541 226 1585 cussa
240 1541 327 1600 aure,
345 1523 373 1584 id
387 1523 464 1602 quod
479 1523 570 1597 inest,
588 1522 707 1582 excidit.
1148 1533 1165 1574 n

469 1759 652 1822 chenu
684 1720 811 1822 vm.

496 1872 533 1922 lle
551 1873 649 1922 narium
664 1873 768 1924 morbis.

201 2023 226 2080 1.
267 2017 361 2082 Nares
394 2039 468 2082 vero
499 2019 681 2083 exulceratas
712 2025 817 2086 fovere
831 2033 971 2105 ‘oportet
1025 2041 1138 2106 vapore

142 2122 234 2183 aquae
256 2105 375 2165 calidae.
413 2105 445 2165 ld
465 2116 494 2167 et
508 2110 631 2184 spongia
646 2125 788 2184 expressa
804 2117 891 2186 atque
905 2107 1022 2168 admota
1043 2111 1095 2186 lit,
1115 2115 1140 2166 et

142 2189 274 2265 subjecto
296 2207 367 2250 vase
390 2192 449 2248 oris
476 2194 604 2268 angusti,
634 2191 727 2252 calida
750 2208 824 2272 aqua
845 2192 969 2270 repleto.
1012 2191 1096 2253 Post
1113 2189 1161 2250 idn

141 2274 297 2334 lomentum
314 2273 448 2333 illinenda
470 2274 569 2334 ulcera
590 2285 654 2335 sunt
674 2284 721 2335 ant
736 2274 846 2354 plumbi
863 2285 1075 2352 recremento,
1098 2282 1139 2336 aut

143 2375 279 2432 cerussa,
300 2365 348 2416 aut
369 2358 482 2434 argenti
504 2367 618 2436 spuma;
642 2377 727 2437 quum
748 2358 899 2438 quodlibet
912 2360 1013 2419 horum
1031 2359 1139 2438 aliquis

85 2501 87 2504 .
142 2442 280 2515 conterit,
302 2443 407 2518 eique,
429 2440 494 2501 dum
511 2444 628 2518 teritur,
653 2443 776 2502 invicem
793 2443 888 2502 vinum
900 2453 930 2502 et
945 2443 1047 2502 oleum
1066 2460 1137 2504 mur·

142 2531 219 2582 teum
234 2523 348 2599 adjicit,
367 2523 461 2585 donee
477 2525 572 2586 mellis
589 2527 806 2586 crassitudinem
822 2526 935 2588 iecerit.
968 2528 1017 2586 Sin
1040 2537 1137 2588 eumn

142 2623 175 2664 ea
194 2603 293 2666 ulcera
316 2607 393 2665 circa
413 2626 447 2666 os
471 2618 553 2684 sunt,
578 2611 736 2688 pluresque
757 2619 869 2670 crustas
890 2620 919 2670 et
933 2610 1059 2670 odorem
1079 2611 1159 2670 loe-²⁵

141 2687 206 2750 dnm
229 2687 350 2756 habent:
379 2690 455 2767 quod
476 2709 569 2768 genus
592 2694 695 2754 Graeci
716 2684 851 2768 ὅξαιναν
870 2694 1034 2772 appellant;
1071 2692 1136 2754 seiri

141 2771 255 2852 quidem
271 2770 359 2831 dehet
372 2775 421 2832 rix
435 2775 462 2832 ei
477 2775 553 2837 malo
568 2795 657 2856 posse
669 2779 815 2839 succurri:
831 2777 920 2837 nihilo
933 2779 1023 2838 miuus
1037 2787 1134 2838 tameo
1179 2837 1181 2846 ,

43 2858 46 2864 ’
140 2856 213 2916 haec
228 2857 332 2917 tentari
346 2866 482 2935 possunt,
507 2868 536 2918 ot
551 2871 636 2938 eaput
651 2861 686 2920 ad
703 2869 797 2922 cutem
812 2861 979 2936 tondeatur,
1002 2861 1134 2921 assidue

142 2957 198 3020 que
216 2939 403 3001 vehementer
417 2942 605 3020 periricetur;
627 2945 713 3006 multa
729 2944 823 3006 calida
835 2963 909 3024 aqua
927 2944 1132 3023 perfundatur:

141 3024 228 3084 multa
242 3025 310 3090 item
325 3025 478 3088 ambulatio
494 3028 543 3096 sit;
565 3027 646 3088 eihns
662 3028 808 3102 modicus,
827 3045 921 3108 neque
934 3045 1018 3103 acer,
1034 3041 1157 3108 nequeo
1179 3059 1180 3062 κ

141 3106 371 3177 valentissimus:
410 3118 468 3169 tum
489 3110 516 3170 in
537 3127 634 3169 norem
657 3114 749 3190 ipsam
768 3112 824 3171 mel
840 3131 903 3172 eum
919 3114 1028 3189 exiguo
1045 3113 1132 3172 modo

141 3190 256 3247 resinae
276 3192 486 3254 terebinthinae
505 3195 689 3271 conjiciatur,
712 3196 790 3274 quod
812 3196 938 3275 specillo
954 3211 1078 3275 quoque
1096 3199 1131 3256 in·
1179 3205 1180 3266 i

140 3270 240 3330 voluto
269 3272 331 3332 lana
353 3276 395 3343 lit;
421 3273 635 3356 attrahaturque
658 3281 758 3356 spiritu
787 3281 811 3338 is
833 3297 956 3357 succus,
984 3281 1083 3340 donec
1107 3282 1132 3340 io
1179 3285 1180 3352 l

143 3374 195 3416 ore
210 3364 313 3430 gustus
328 3358 390 3431 ejus
406 3361 560 3429 sentiarum
583 3362 636 3422 suh
651 3363 696 3422 his
712 3365 787 3423 enirn
804 3373 919 3425 crustae
934 3364 1128 3436 resolvuntur,

143 3447 291 3520 quactum
309 3457 362 3518 por
387 3449 610 3506 sternutamenta
633 3447 700 3506 elidi
724 3447 839 3508 debent.
875 3449 958 3510 Puris
982 3447 1153 3508 ulceribusa
