2384 3896
385 194 453 242 niu.
469 195 502 242 ν.
520 194 595 243 osu.
612 195 735 249 xxuru.
987 189 1045 252 211

44 351 100 416 ubi
118 349 276 428 adapertus
294 357 358 424 est,
383 356 411 408 et
426 323 496 409 eiiii
520 367 590 428 pus,
608 359 731 428 apparet
751 368 825 430 pers·
841 354 935 413 carnis
952 355 1049 434 in'pns

47 452 159 513 versa,
185 450 252 512 pars
272 439 424 509 corrupta,
452 431 620 508 subalbida,
644 432 799 504 subrubra3
831 454 915 516 quem
943 443 1048 501 ventri-

47 519 151 578 culum
174 517 287 594 quidam
307 513 451 575 furunculi
472 517 625 576 nominant.
660 516 692 576 ln
714 535 750 578 eo
770 518 1049 598 nullumperi‘culum
1072 519 1085 526 ''

47 611 108 678 est,
127 601 240 660 etiamsi
252 599 330 658 nulla
346 599 455 660 curatio
470 598 652 661 adhibeatur:
668 603 834 662 maturescit
845 605 919 663 enim
935 623 989 682 per
1004 627 1048 682 se,
1139 631 1145 638 ·

22 695 143 764 satque
159 685 291 762 erumpit.
314 682 372 742 Sed
388 679 471 744 dolor'
483 682 589 759 elficit,
601 693 631 743 ut
645 687 741 764 potior
752 686 894 746 medicina
909 689 959 764 sit,
975 707 1048 766 qnae

47 770 192 828 maturius
217 767 331 826 liberet.
375 766 526 845 Proprium
548 768 611 842 ejus
634 767 870 829 medicamentum
895 771 1048 847 galbanum

49 862 113 912 est:
133 851 185 911 sed
201 851 256 910 alia
272 867 388 929 quoque
402 867 489 929 snpra
506 851 716 928 comprehensa
731 863 804 912 sunt.
836 854 866 913 Si
887 863 983 914 cetera
1000 857 1047 916 de-

51 944 136 1010 sunt,
156 935 265 1012 imponi
289 933 377 994 debet
398 936 518 1012 primum
539 951 596 993 non
619 936 725 1013 pingue
747 936 946 1014 emplastrum,
968 948 998 999 ut
1021 941 1049 999 id

48 1020 208 1098 reprimat:
229 1017 350 1093 deinde,
375 1019 399 1078 si
414 1035 472 1077 non
484 1019 642 1094 repressit,
665 1019 814 1097 quodlibet
827 1023 890 1099 puri
904 1023 1047 1083 movendo

13 1119 39 1162 ro
50 1101 318 1163 accommodatum:
336 1103 360 1161 si
376 1119 412 1160 ne
426 1101 454 1162 id
465 1101 583 1179 quidem
600 1111 654 1178 est,
673 1104 720 1162 vel
737 1105 844 1180 resina,
861 1105 909 1165 vel
925 1105 1048 1166 fermen-

49 1197 122 1246 tum.
156 1185 308 1263 Expresso
326 1203 411 1265 pure,
427 1186 505 1244 nulla
521 1185 595 1245 ultra
610 1189 719 1246 curatio
736 1190 902 1249 necessaria
918 1197 972 1248 est.
997 1214 999 1218 ·

116 1271 147 1330 9.
177 1268 284 1344 Phyma
305 1287 377 1329 vero
393 1271 553 1329 nominatur
568 1269 747 1331 tuberculum
765 1271 918 1332 furunculo
937 1273 1048 1348 simile,

51 1353 106 1413 scd
121 1353 270 1413 rotundius
287 1362 316 1412 et
329 1353 456 1431 planius,
470 1371 559 1432 saepe
574 1355 773 1430 etiammajus.
798 1354 870 1414 Nam
882 1356 1049 1416 furunculus

51 1441 102 1497 ovi
125 1437 473 1513 dimidii'magnitudinem
501 1453 567 1496 raro
597 1438 711 1515 explet,
740 1455 890 1516 numquam
916 1440 1047 1499 excedit:

18 1519 161 1599 rsphyma
178 1521 357 1581 etiamlatius
373 1529 475 1599 patere
494 1522 659 1586 consueuit;
686 1520 738 1580 sed
754 1521 935 1581 inflammatio
951 1522 1047 1582 dolor·

54 1621 112 1683 que
129 1601 184 1662 sub
199 1620 236 1663 eo
255 1605 384 1662 minores
399 1611 472 1665 sunt.
500 1601 556 1663 Ubi
568 1602 689 1664 divisum
704 1613 765 1681 est,
781 1623 834 1682 pus
847 1605 949 1665 eodem
961 1605 1047 1664 modo

54 1695 194 1766 apparet:
210 1687 402 1764 ventriculus,
421 1695 451 1746 ut
467 1688 494 1746 in
508 1684 680 1763 furunculo,
697 1705 754 1747 non
769 1689 926 1748 invenitur:
939 1705 1048 1762 ‚verum

54 1771 148 1830 omnis
170 1779 307 1848 corrupta
329 1786 398 1830 caro
420 1771 448 1828 in
471 1789 524 1849 pus
539 1771 669 1830 vertitur.
700 1770 734 1830 ld
749 1780 843 1832 autem
859 1773 888 1832 in
904 1773 1002 1850 pueris
1020 1780 1049 1832 et

54 1855 172 1932 saepius
188 1855 316 1915 nascitur
328 1863 357 1912 et
367 1853 481 1913 iacilius
493 1855 615 1914 tollitur:
631 1856 659 1913 in
672 1855 828 1930 juvenibus
840 1857 931 1916 rarius
947 1857 1048 1932 oritur,

17 1948 85 2000 suet
102 1939 247 1998 difficilius
260 1947 392 1997 curatur:
410 1936 457 1998 ubi
472 1947 553 1998 actes
564 1937 721 2015 induravit,
738 1957 776 1999 ne
787 1941 912 1999 nascitur
924 1938 1047 2018 quidem.
1078 1988 1080 1992 .

6 2047 7 2050 ¹
55 2021 166 2098 Quibus
175 2039 246 2081 vero
259 2021 473 2096 medicamentis
485 2022 687 2098 discuteretur,
701 2041 787 2100 snpra
800 2025 979 2102 propositum
992 2031 1047 2081 est.

121 2107 170 2166 10.
201 2099 383 2182 Φύγεθλον
405 2114 498 2165 autem
522 2115 566 2165 est
587 2113 697 2180 tumor,
722 2123 780 2164 non
803 2105 891 2181 altus,
914 2106 1005 2180 latus,
1020 2106 1048 2164 in

55 2207 115 2269 quo
127 2189 265 2268 quiddam
298 2191 418 2268 pusulae
439 2188 532 2249 simile
552 2196 606 2249 est.
637 2189 730 2249 Dolor
750 2188 942 2267 distentioque
960 2188 1047 2248 vehe-

55 2281 214 2349 mensest,
231 2281 259 2333 et
273 2274 366 2349 major
381 2291 464 2350 quam
480 2290 533 2352 pro
549 2272 742 2349 magnitudine
756 2272 889 2340 tumoris;
907 2272 1048 2333 interdum

22 2360 143 2418 suetiam
163 2357 426 2435 febricula:·idque
448 2355 529 2417 tarde
551 2358 730 2434 maturescit,
752 2374 846 2435 neque
868 2373 1048 2435 magnopere

11 2481 14 2488 ·
55 2444 85 2502 in
106 2460 159 2520 pus
182 2441 369 2501 convertitur.
401 2440 447 2500 Fit
469 2441 590 2501 maxime
612 2449 660 2499 ant
673 2442 701 2498 in
720 2440 852 2516 cervice,
872 2448 920 2500 aut
935 2441 963 2498 in
978 2439 1047 2514 alis,

57 2534 104 2586 aut
118 2527 147 2583 in
162 2523 335 2601 inguinibus.
360 2525 465 2585 Panum
477 2543 493 2583 a
506 2524 690 2585 similitudine
702 2525 813 2602 figurae
828 2524 921 2584 nostri
934 2531 1047 2583 uocant.

56 2609 152 2688 Atque
173 2608 201 2667 id
221 2611 313 2688 ipsum
335 2624 392 2685 quo
407 2609 618 2669 medicamento
635 2604 803 2686 tolleretur,
824 2625 913 2688 snpra
932 2604 1047 2666 demon-

56 2692 146 2753 stravi
160 2689 232 2766 (18,
251 2691 304 2760 19;
323 2692 394 2770 Vll,
418 2691 460 2771 2).
765 2717 766 2722 ¹
977 2689 979 2702 '

22 2794 49 2836 an
116 2774 1048 2853 11.Sedquumomneshinihilnisiminntiabscessussint,gene-

58 2859 323 2920 ralenomentrahit
332 2859 417 2918 latius
433 2861 530 2918 vitium
538 2859 574 2918 ad
585 2862 821 2938 suppurationem
832 2867 979 2937 spectans.
1004 2857 1048 2915 ld-

59 2943 184 3022 quelere
193 2943 276 3002 litant
284 2940 467 3022 postfebres,
482 2951 529 3002 eut
537 2952 602 3020 post
610 2943 827 3020 dolorespartis
842 2941 977 3014 alicuius,
990 2956 1048 2999 ma·

58 3029 192 3105 ximequc
208 3044 272 3104 eos,
287 3029 333 3106 qui
349 3034 478 3086 ventrem
494 3026 672 3086 infestarunt.
696 3026 878 3102 Saepiusque
892 3023 983 3082 oculis
1000 3040 1049 3081 ex-

60 3112 183 3191 positum
198 3119 258 3180 est;
274 3109 413 3190 siquidem
431 3109 516 3170 latius
532 3109 639 3188 aliquid
654 3109 817 3169 intumescit
838 3105 874 3167 ad
892 3105 1049 3167 similitudi·

25 3213 122 3255 mnem
139 3194 217 3270 ejus,
244 3193 320 3273 quod
342 3193 447 3273 phyma
466 3194 566 3253 vocari
587 3194 743 3274 proposui,
765 3191 908 3272 rubetque
924 3209 987 3252 cum
1003 3208 1049 3252 ca·

61 3280 138 3356 lore,
162 3287 192 3337 et
214 3279 299 3356 paulo
325 3287 393 3356 post
412 3279 495 3337 etiam
518 3295 581 3336 cum
599 3278 717 3353 duritia,
738 3277 890 3355 magisque
910 3285 1050 3336 nocenter

59 3362 224 3438 indolescit,
234 3372 263 3422 et
277 3365 351 3423 sitim
366 3362 553 3439 vigiliamque
569 3361 711 3440 exprimit.
744 3360 887 3421 Interdum
900 3369 993 3426 tamen
1009 3357 1048 3414 ni-'

58 3448 97 3510 bil
116 3447 219 3510 borum
241 3447 269 3507 in
291 3444 360 3508 'cute
378 3443 556 3525 deprehendi
571 3454 683 3526 potest;
704 3447 884 3589 manippque
900 3443 948 3504 ubi
964 3441 1049 3500 altius
