2372 3892
385 205 704 259 mmmm
977 198 1038 262 m

32 361 148 424 cidere
164 371 348 423 consuerunt.
370 363 402 423 In
418 366 483 443 ipso
500 364 696 425 antemoculo
709 379 918 444 nonnumquam
934 381 1039 426 summa

33 445 190 506 attollitur
204 448 313 523 tunica,
336 449 397 507 sive
415 449 505 526 ruptis
520 449 595 508 intus
614 449 784 509 membranis
802 450 957 528 aliquibus,
976 452 1039 509 sive

33 529 168 598 laxatum
186 537 214 588 et
226 531 326 590 similis
338 533 429 608 figura
439 533 523 590 acino
540 531 582 591 bt:
599 531 673 591 unde
688 533 715 592 id
725 527 1039 612 ocapddmpoblraeci

34 621 154 673 vocant
178 612 225 689 (P.
246 613 322 691 Aeg.
345 614 487 691 v1,19).
525 612 640 674 Curatio
663 615 770 695 duplex
792 625 851 676 est:
874 617 979 692 alters,
1004 616 1039 676 ad

9 697 126 775 sipsas
143 696 260 756 radices
282 716 335 776 per
356 697 478 758 medium
492 707 658 758 transsuere
671 717 723 760 acu
742 700 799 759 duo
822 699 878 759 lina
900 699 1038 769 ducentc;

37 779 153 839 deinde
169 780 286 840 alterius
304 781 353 841 lini
377 782 432 841 duo
455 783 548 859 capita
570 800 607 840 ex
630 785 782 861 superiore
803 792 899 861 parte,
922 783 1039 843 alterius

39 881 81 923 ex
95 863 238 923 inferiore
253 864 433 943 adstringere
454 867 528 924 inter
549 883 596 934 se;
619 883 692 944 quae
711 867 845 946 paulatim
867 866 993 926 secando
1012 865 1040 926 id

40 947 199 1007 excidunt:
216 948 305 1009 altera
321 951 348 1008 in
365 967 471 1010 summa
488 957 569 1027 parte
587 951 649 1024 ejus
671 950 707 1010 ad
731 950 883 1011 lenticulae
901 952 1038 1026 magnitu·

41 1031 142 1090 dinem
161 1031 313 1093 excidere:
330 1034 434 1094 deinde
446 1032 577 1112 spodium
592 1042 639 1092 aut
655 1033 791 1094 cadmiam
805 1033 932 1093 iniriare.
954 1035 1038 1094 Utro·

5 1129 30 1172 ro
40 1113 119 1176 libet
136 1124 230 1174 autem
246 1117 341 1194 iacto,
362 1117 455 1177 album
475 1118 522 1176 ovi
542 1116 607 1176 lana
622 1117 822 1196 excipiendum
843 1125 873 1176 et
892 1118 1039 1194 imponen·
1077 1169 1081 1178 .

40 1198 127 1266 dum;
150 1208 311 1278 posteaque
332 1219 442 1279 vapore
463 1217 554 1280 aquae
575 1200 685 1261 calidae
706 1201 850 1262 fovendus
869 1199 986 1277 oculus,
1010 1207 1040 1260 et

39 1282 163 1343 lenibus
178 1283 391 1344 medicamentis
406 1284 585 1361 inungendus
602 1293 657 1344 est.

110 1365 160 1426 12.
189 1366 270 1426 Clavi
297 1377 390 1428 autem
412 1377 553 1428 vocantur
573 1368 683 1428 callosa
706 1369 734 1426 in
756 1368 822 1428 albo
846 1369 924 1428 oculi
944 1367 1039 1428 tuber·

43 1450 127 1518 cula:
146 1450 249 1528 quibus
265 1469 368 1511 nomeu
385 1471 400 1512 a
415 1451 723 1528 figuraesimilitudine
739 1461 794 1512 est.
828 1451 889 1512 llos
904 1451 939 1511 ad
955 1453 1040 1512 imam

9 1534 177 1594 renodi-cem
202 1535 354 1612 perforare
380 1553 433 1596 acu
457 1534 714 1594 commodissimum
735 1535 797 1611 εει,
824 1535 955 1614 infraque
976 1553 1039 1596 eam

44 1617 202 1693 excidere,
219 1618 322 1678 deinde
338 1618 451 1679 lenibus
465 1618 680 1679 medicamentis
695 1621 845 1696 inungere.

113 1701 163 1762 13.
186 1701 356 1762 Suffusionis
370 1704 430 1777 jam
451 1703 522 1763 alias
541 1701 616 1780 (VI,
636 1703 672 1779 6,
694 1702 751 1780 35)
770 1703 828 1762 ieci
848 1701 1038 1769 mentionem

46 1786 131 1864 qnia,
149 1801 233 1862 quum
249 1802 354 1846 recens
369 1787 484 1862 incidit,
505 1785 719 1846 medicamentis
737 1803 852 1864 quoque
876 1804 965 1865 saepe
981 1785 1038 1846 dis·

47 1870 169 1930 cutitnr:
186 1869 254 1945 sed,
275 1869 323 1930 ubi
345 1871 485 1930 vetustior
505 1871 580 1930 iacta
596 1879 656 1946 εει,
681 1887 779 1929 manus
798 1872 974 1930 curationem
991 1869 1038 1930 de·

12 1953 171 2015 acciderat:
187 1971 262 2031 quae
279 1955 351 2014 inter
367 1953 565 2014 subtilissimas
581 1952 681 2014 haberi
697 1961 803 2033 potest.
823 1952 867 2013 De
890 1971 943 2032 qua
959 1961 1039 2013 ante-

48 2054 132 2116 quam
154 2037 237 2113 dico,
257 2039 358 2116 paucis
380 2039 471 2120 ipsius
490 2036 569 2098 oculi
589 2045 689 2096 natura
710 2037 861 2097 indicanda
880 2047 937 2096 est:
956 2038 1038 2110 cujus

48 2121 192 2196 cognitio,
215 2137 298 2197 quum
321 2121 356 2181 ad
373 2121 454 2198 plura
469 2121 535 2180 loca
557 2121 712 2199 pertineat,
734 2129 791 2179 tum
814 2120 861 2180 vel
882 2121 1038 2198 praecipue

50 2204 87 2264 ad
103 2203 176 2263 huno
192 2205 328 2282 pertinet.
363 2204 392 2264 le
412 2206 499 2282 igitur
515 2221 636 2264 summas
661 2203 748 2263 habet
767 2203 836 2262 duas
851 2204 978 2262 tunicas:
1002 2220 1039 2262 ex

51 2285 152 2365 quibus
169 2289 303 2366 superior
323 2306 338 2349 a
360 2287 480 2349 Graecis
503 2278 713 2367 κερατοειδής
732 2296 862 2346 uocatur.
900 2285 960 2361 Ea,
983 2302 1039 2363 qua

15 2379 133 2450 aeparte
150 2369 215 2430 alba
231 2381 290 2448 εει,
306 2374 376 2432 satis
392 2389 506 2448 crassa,
527 2370 653 2450 pupillae
670 2371 737 2430 loco
753 2363 932 2430 extenuatur.
966 2368 1039 2428 Huic

50 2455 169 2514 interior
184 2455 316 2531 adjuncta
336 2465 397 2532 est,
413 2456 505 2516 media
527 2464 624 2533 parte,
648 2471 702 2531 qua
720 2453 830 2532 pupilla
848 2452 1038 2527 est,·modico

51 2537 189 2598 ioramioe
214 2555 356 2608 coucuva;
379 2540 456 2599 circa
478 2540 586 2611 tenuis,
613 2537 796 2597 ulterioribus
823 2537 951 2617 partibus
975 2538 1039 2613 ipsa

52 2639 165 2700 quoque
180 2621 307 2698 plenior:
323 2641 398 2701 quae
413 2611 626 2702 qoptostdq'ga
642 2620 760 2682 Graecis
776 2623 944 2682 nominatur.
976 2620 1039 2680 Hae

53 2705 123 2764 duae
138 2706 265 2782 tunicae,
285 2724 369 2784 quum
385 2707 523 2767 interiora
547 2705 624 2766 oculi
647 2707 778 2782 cingant,
800 2723 898 2766 rursus
918 2704 971 2765 sub
994 2704 1039 2764 bis

19 2807 45 2850 ao
56 2796 169 2857 coenum
186 2797 412 2869 extenuataeque
421 2799 449 2850 et
466 2792 494 2850 in
508 2809 591 2861 unum
607 2797 727 2849 coactae
737 2807 790 2866 per
805 2788 944 2863 loramen,
961 2786 1039 2864 quod

52 2874 124 2932 inter
138 2889 204 2932 ossa
220 2883 277 2950 est,
292 2873 327 2933 ad
341 2873 531 2934 membranam
553 2873 666 2932 cerebri
689 2874 875 2950 perveniunt,
897 2872 981 2946 eique
998 2871 1037 2927 in·
1121 2886 1123 2890 ·
1178 2875 1180 2895 ¹

53 2955 229 3016 haerescunt.
258 2957 315 3017 Sub
331 2957 497 3033 bisantem,
514 2974 568 3034 qua
584 2965 666 3035 parte
685 2955 794 3033 pupilla
811 2962 870 3029 est,
885 2952 969 3012 locus
989 2969 1045 3033 va·-

55 3059 121 3100 cuus
136 3049 194 3100 est:
213 3039 316 3100 deinde
329 3040 401 3100 infra
417 3059 515 3100 rursus
531 3041 695 3100 tenuissima
715 3038 826 3111 tunica,
848 3052 931 3112 quam
944 3035 1037 3108 Hero·

56 3124 146 3202 philus
165 3113 364 3204 ἀραχνοειδῆ
385 3126 549 3186 nominavit.
589 3122 632 3182 Ea
657 3119 749 3180 media
775 3119 911 3188 subsidit;
940 3137 1037 3197 eoque

24 3225 125 3270 ascaro
141 3210 266 3269 continet
281 3209 427 3287 quiddam,
451 3207 527 3286 quod
549 3224 564 3266 a
585 3207 648 3264 vitri
669 3202 850 3264 similitudine
866 3189 1038 3275 ὑαλοειδές

57 3291 153 3352 Graeci
169 3302 282 3351 vocant.
318 3292 350 3353 ld
372 3310 466 3369 neque
488 3289 641 3368 liquidum,
665 3304 760 3364 neque
782 3287 889 3346 aridum
906 3296 967 3364 est,
986 3286 1038 3347 sed

56 3376 132 3453 quasi
146 3385 298 3435 concretus
313 3376 430 3435 humor:
454 3393 492 3434 ex
513 3374 594 3448 cujus
615 3371 715 3431 colore
735 3371 863 3450 pupillae
885 3371 969 3431 color
989 3369 1037 3429 vel

44 3460 133 3536 ‚niger
144 3467 204 3536 est,
223 3459 270 3520 vel
286 3460 414 3536 caesius,
432 3476 515 3538 quum
534 3473 640 3516 summa
658 3455 752 3517 tunica
767 3463 827 3516 tota
843 3454 908 3516 alba
923 3456 968 3514 sit.
1005 3451 1037 3512 ld
1095 3491 1098 3498 -
