2372 3892
346 194 414 246 nm.
430 195 490 246 vn.
515 196 590 248 cue.
602 198 679 248 xm.
957 185 1019 252 289

9 367 137 426 venae,
160 350 329 429 quaeluxta
342 346 432 427 sunt,
452 352 613 431 violentur,
635 363 664 413 et
684 356 851 433 profusione
872 356 1019 432 sanguinis

10 443 160 496 noceant.
199 434 323 512 Reliqua
346 436 455 494 curatio
477 433 606 496 vulneris
627 439 655 496 iu
672 438 817 517 prioribus
846 442 940 518 posita
963 447 1017 500 εει.

10 517 59 580 Ει
78 519 357 598 plerique-quidem,
374 517 421 578 ubi
436 530 665 597 consonuerunt,
681 521 844 599 loquuntur.
877 522 943 599 Ego
966 541 1017 587 au·

12 611 83 662 tem
98 604 226 679 cognovi
243 605 307 680 qul,
333 604 447 662 succisa
472 602 583 681 lingua,
605 623 691 682 quum
713 605 823 665 abunde
849 624 936 684 super
951 606 1017 665 don·

11 694 67 752 tes
80 703 146 746 eam
160 695 325 764 promeret,
345 703 402 745 non
419 696 512 747 tamen
525 688 661 765 loquendi
675 687 840 749 facultatem
856 707 1017 767 consequn-

14 779 69 830 tus
88 779 144 829 εει.
176 768 261 830 Adeo
276 771 303 830 in
315 769 470 846 medicina,
494 773 578 830 etiarn
596 771 643 831 ubi
666 783 838 850 perpetuum
856 782 916 850 est,
942 773 1019 851 quod

14 855 89 914 lieri
105 853 210 931 debet,
233 863 406 914 nontamen
430 863 600 934 perpetuum
622 865 668 915 est
690 856 733 932 id,
756 857 832 935 quod
850 858 932 935 sequi
950 874 1017 916 con

15 939 115 998 venit.
152 989 154 996 .

90 1023 121 1082 5.
142 1020 201 1082 Sub
226 1021 325 1100 lingua
350 1038 467 1100 quoque
494 1022 634 1083 interdum
657 1022 763 1100 aliquid
784 1022 915 1084 abscedit
934 1025 1016 1103 (prc-

15 1105 213 1182 rscus’llctte);
228 1105 306 1184 quod
319 1105 381 1165 lere
399 1106 528 1165 consistit
543 1108 570 1166 in
585 1108 690 1183 tunica,
707 1106 883 1184 doloresque
899 1125 1019 1184 magnos

14 1198 134 1250 movet.
166 1189 267 1265 Quod,
291 1191 314 1247 si
337 1191 472 1265 exiguum
495 1199 555 1266 est,
580 1190 666 1249 incidi
691 1191 781 1250 semel
807 1193 876 1250 satis
899 1200 957 1252 est:
994 1193 1019 1250 si

1 1273 135 1348 ¹majus,
152 1290 259 1332 summa
274 1275 346 1334 ontis
361 1290 451 1351 usque
467 1272 502 1332 ad
519 1275 641 1333 tunicam
658 1273 815 1334 excidenda
830 1284 890 1349 est,
916 1275 1019 1335 deinde

15 1358 169 1435 utrimque
185 1373 254 1416 orae
277 1356 398 1416 hamulis
420 1357 628 1435 excipiendas,
649 1365 678 1416 et
699 1358 794 1416 tunica
816 1359 941 1436 undique
965 1360 1018 1417 cir-

19 1441 157 1500 cumdata
183 1439 328 1500 liberanda
351 1451 409 1500 est:
435 1457 536 1516 magne
561 1439 710 1516 diligentia
734 1458 788 1518 per
809 1454 920 1500 onmem
938 1458 1018 1500 cura·

2 1525 134 1585 ationem
152 1523 264 1600 habita,
279 1542 316 1583 ne
331 1541 386 1602 qna
401 1524 493 1598 major
510 1523 748 1592 venaincidatnr.

87 1609 118 1669 6.
141 1607 234 1668 Labra
255 1617 350 1668 autem
372 1625 462 1684 saepe
485 1606 638 1674 finduntur:
669 1624 761 1685 eaque
782 1625 831 1667 res
853 1607 940 1668 babet
956 1626 1019 1667 cum

20 1689 129 1752 dolore
147 1693 233 1750 etiarn
256 1690 330 1752 banc
353 1691 531 1764 molestiam,
556 1691 633 1768 quod
649 1708 744 1752 sermo
764 1691 947 1770 prohibetur;
970 1693 1019 1769 qui

1 1773 148 1848 ,subinde
170 1793 221 1836 eas
241 1776 327 1835 rimas
351 1792 413 1833 cunr
438 1774 542 1834 dolore
563 1774 724 1834 diducendo
757 1778 923 1852 sangninem
942 1777 1019 1834 citat.

1 1913 2 1928 ,
21 1858 85 1920 sed
101 1858 170 1933 has,
187 1859 253 1916 siin
270 1875 379 1926 summo
398 1867 472 1934 sunt,
489 1858 704 1918 medicamentis
721 1876 822 1918 curare
843 1859 1019 1918 commodius

1 1943 89 2018 lest,
107 1959 181 2020 qnae
194 1941 231 2002 ad
245 1941 343 2001 ulcera
360 1943 420 2002 oris
442 1943 526 2001 liunt:
550 1943 575 2000 εἰ
596 1959 667 2001 vero
692 1942 775 2002 altius
798 1942 1018 2019 descenderunt,

2 2088 3 2102 ,
21 2027 223 2086 necessarium
241 2034 286 2086 est
299 2026 377 2085 tenui
391 2026 566 2085 ferramento
587 2026 727 2101 adurere,
751 2026 828 2104 quod
847 2028 965 2103 spathae
982 2027 1019 2084 si-

2 2115 3 2119 ’
22 2111 105 2185 nuile,
124 2112 205 2187 quasi
220 2118 426 2184 transcurrere,
440 2126 501 2168 non
511 2109 632 2185 imprimi
650 2107 746 2168 debet.
769 2110 874 2169 Postea
889 2106 1020 2171 iacienda

3 2239 4 2276 ,
23 2194 127 2254 eadem
150 2201 231 2271 sunt,
254 2209 328 2271 qnae
348 2192 504 2252 inauribus
520 2191 629 2252 adustis
647 2195 781 2270 exposita
797 2202 869 2252 sunt.

347 2430 529 2492 OAPUT
566 2430 697 2490 XIII.

6 2567 17 2606 5
252 2609 256 2614 ν
406 2547 443 2594 De
458 2546 563 2594 cervicis
582 2545 651 2594 vitio.

86 2697 125 2757 At
146 2699 174 2758 in
197 2697 329 2774 cervice,
352 2697 538 2758 intercutem
559 2705 587 2757 et
611 2712 742 2774 asperam
765 2696 913 2770 arteriam,
928 2703 1021 2776 tumor

25 2782 180 2842 increscit:
205 2775 435 2862 βρογχοκήλην
458 2779 561 2841 Graeci
581 2788 687 2839 vocant
708 2778 755 2857 (P.
776 2778 853 2855 dep.
878 2778 929 2854 Vl,
952 2777 1008 2855 38)

28 2865 92 2938 Quo
109 2863 195 2925 mo'do
211 2883 280 2925 caro
296 2864 406 2939 hebes,
425 2865 512 2924 modo
528 2864 630 2924 humor
652 2863 772 2940 aliquis,
790 2861 869 2919 melli
880 2859 1020 2937 *aquaeve

29 2948 145 3024 similis,
168 2948 336 3016 includitur;
360 2949 498 3008 interdum
520 2950 604 3006 etiam
628 2946 739 3004 minutis
762 2943 876 3002 ossibus
898 2943 949 3020 pili
971 2943 1020 2999 im·

7 3033 120 3092 niniati.
152 3032 198 3093 Ex
221 3032 322 3110 quibus
345 3031 482 3108 quidquid
506 3027 573 3105 est,
592 3031 686 3088 tunica
715 3023 884 3086 continetur.
920 3024 1021 3084 Potest

30 3125 122 3176 autern
135 3116 318 3176 adurentibus
333 3113 547 3173 medicamentis
564 3109 672 3170 curari:
696 3108 925 3187 quibusmumma
947 3108 1021 3166 cutis

30 3217 91 3259 cum
115 3200 247 3259 subiecta
268 3200 361 3258 tunica
386 3196 527 3255 exeditur.
560 3196 624 3268 Quo
647 3194 740 3268 iactu,
764 3192 826 3250 sive
847 3191 949 3250 humor
965 3198 1021 3264 est,

31 3283 160 3359 produit;
179 3285 241 3342 sive
261 3281 329 3360 quid
352 3280 484 3353 densius,
506 3279 604 3353 digitis
620 3275 764 3336 educitur:
791 3284 848 3334 tum
871 3275 952 3335 ulcus
969 3274 1020 3334 sub

31 3364 190 3426 linamentis
205 3367 340 3426 sanescit.
372 3364 431 3423 Sed
453 3360 585 3439 scalpelli
607 3360 716 3443 curatio
731 3359 853 3418 brevior
875 3367 929 3419 est.
961 3359 1021 3417 ble-

9 3447 80 3510 ttdio
107 3459 219 3510 tumore
247 3448 301 3509 una
323 3448 399 3508 linea
421 3446 553 3507 inciditur
574 3460 665 3521 usque
687 3442 722 3504 ad
748 3443 884 3503 tunicam.
917 3439 1023 3501 deinde·
1048 3510 1050 3514 ¹

70 3553 177 3594 cussus.
776 3527 813 3587 19
