2444 3904
392 233 720 283 nm.1.ruoonu1uu.
1039 224 1058 286 9

60 405 116 446 rus
127 395 192 446 est:
207 403 290 464 quem
299 403 355 446 non
367 387 504 464 incidere,
519 389 670 448 manifeste
681 389 782 449 falsum
794 400 854 460 est:
868 409 952 470 quum
965 399 1058 450 aetate

60 479 164 531 nostra
185 471 339 547 quaedam,
360 489 396 529 ex
414 471 586 530 naturalibus
611 472 738 551 partibus
764 491 849 533 carno
872 475 1008 553 prolapsa
1031 481 1060 533 et

64 563 177 630 arente,
190 555 263 614 intra
278 572 384 632 pancas
398 554 484 614 boras
500 558 675 634 expiraverit
695 558 754 632 sic,
774 567 804 616 ut
820 557 988 618 nobilissimi
1000 575 1058 616 mc·
1142 553 1145 560 ’

66 639 121 698 dici
133 655 232 716 neque
248 655 339 714 genus
350 638 433 714 mali,
451 656 544 717 nequo
555 639 709 700 remedium
722 642 889 700 invenerint.
923 643 1009 717 Quos
1022 657 1058 700 eo

45 723 133 782 snihil
146 730 276 781 tentasse
287 721 396 798 judico,
409 723 472 800 quia
487 740 572 782 nomo
590 725 619 782 in
635 723 783 801 splendida
798 742 922 802 persona
943 723 1058 803 pericli·
1090 787 1093 794 ,

65 809 119 866 tari
139 806 310 880 coniectura
324 823 373 864 sua
385 807 524 883 voluerit,
538 825 574 866 ne
590 807 749 882 occidisse,
767 810 821 866 nisi
838 817 1000 884 servasset,
1018 808 1058 864 vi·

64 891 198 950 deretur:
216 890 278 948 veri
293 899 387 948 tamen
400 890 491 950 simile
504 898 564 967 est,
581 893 709 968 potuisse
726 892 833 970 aliquid
851 892 988 969 eogitari,
1011 890 1058 950 de·

63 983 158 1034 tracta
171 973 220 1033 tali
231 974 418 1042 verecundia;
435 983 465 1034 et
476 974 599 1034 fortasse
610 993 814 1052 responsurum
826 976 917 1035 fuisse
930 975 968 1051 id,
982 973 1058 1053 quod

66 1059 171 1136 aliquis
183 1065 262 1116 esset
273 1066 420 1135 expertus.
454 1058 500 1118 Ad
519 1057 596 1136 quod
607 1058 870 1136 medicinaegenus
881 1077 975 1138 nequo
986 1076 1059 1118 sem·

37 1162 63 1202 ro
72 1160 127 1220 per
139 1141 289 1202 similitudo
303 1141 408 1219 aliquid
422 1143 549 1211 conlert;
569 1151 597 1201 et
615 1144 639 1201 si
658 1143 770 1220 quando
783 1144 913 1220 confert,
924 1151 1018 1203 tamen
1030 1140 1059 1201 id

68 1229 160 1304 ipsum
172 1225 314 1285 rationale
333 1233 390 1302 est,
413 1228 488 1285 inter
502 1226 589 1286 multa
601 1226 702 1284 similia
719 1245 827 1303 genera
848 1236 876 1286 et
894 1226 1060 1286 morborum

67 1319 97 1369 et
115 1309 326 1384 remediorum,
349 1313 496 1386 cogitare,
520 1327 577 1388 quo
600 1311 777 1388 potissimum
797 1311 1005 1380 medicamento
1023 1311 1059 1369 sit

65 1393 212 1453 utendum.
242 1393 333 1468 Quum
344 1394 431 1469 igitur
441 1394 508 1454 talis
519 1412 567 1453 res
579 1394 691 1470 incidit,
708 1394 837 1454 modicus
850 1394 956 1473 aliquid
973 1410 1058 1472 opor·

64 1487 107 1538 tet
127 1479 270 1553 inveniat,
296 1477 373 1555 quod
397 1495 455 1536 non
476 1479 572 1556 utiquc
595 1479 736 1554 fortasse,
755 1477 806 1537 sod
831 1481 946 1556 saepius
966 1487 1059 1536 tamen

34 1581 57 1622 rs
67 1564 152 1622 etiam
174 1560 358 1639 respondeat.
390 1560 473 1620 Petet
488 1571 578 1622 autem
593 1579 697 1620 novum
715 1579 829 1641 quoqne
843 1562 990 1622 consilium
1001 1577 1059 1620 non

67 1648 102 1706 ab
114 1645 204 1705 rebus
213 1645 374 1722 latentibus,
393 1648 465 1705 istae
477 1647 551 1705 enim
569 1646 671 1706 dubiae
689 1655 717 1705 et
735 1649 860 1706 incertae
876 1654 949 1722 sunt,
963 1644 1014 1704 sed
1023 1644 1058 1704 ab

64 1732 109 1805 iis,
128 1719 204 1808 qua'e
217 1729 363 1806 explorari
375 1739 509 1807 possunt,
523 1730 551 1789 id
563 1740 606 1789 est
617 1730 795 1790 evidentibus
807 1732 909 1789 causis.
936 1730 1060 1789 Interest

63 1816 150 1888 enim,
163 1813 294 1890 fatigatio
305 1813 444 1889 morbum,
456 1832 491 1874 an
504 1815 576 1891 sitis,
589 1833 624 1874 an
636 1815 737 1890 frigus,
751 1832 785 1874 an
798 1814 886 1890 calor,
901 1832 936 1873 an
950 1813 1057 1890 vigilia,

63 1917 99 1958 an
117 1899 211 1957 fames
227 1897 343 1973 iecerit,
367 1913 402 1956 an
418 1897 473 1956 cibi
488 1900 604 1977 vinique
619 1897 801 1974 abundantia,
817 1917 852 1957 an
867 1900 1057 1976 intemperan-

32 1985 102 2041 mtia
125 1981 261 2040 libidinis.
299 1979 401 2059 Neque
421 1983 556 2058 ignorare
577 1981 803 2061 huncoportet,
825 1998 899 2059 qnae
922 1983 958 2040 sit
979 1981 1060 2055 aegri

61 2075 182 2125 natura:
205 2063 347 2123 humidum
368 2067 475 2142 magis,
500 2083 535 2124 an
555 2066 647 2142 magis
670 2068 777 2124 siccum
800 2082 907 2143 corpus
928 2067 991 2140 ejus
1008 2065 1058 2130 sit;

63 2149 153 2209 validi
169 2149 261 2224 nervi,
279 2167 314 2207 an
330 2149 445 2217 infirmi3
461 2150 598 2227 frequens
613 2148 735 2208 adversa
749 2149 900 2225 valetudo,
924 2165 959 2208 an
979 2165 1059 2214 rara;

64 2251 172 2309 euque,
190 2249 274 2310 quum
290 2242 342 2304 est,
358 2233 514 2296 vehemens
533 2250 599 2291 esse
615 2233 723 2308 soleat,
738 2251 773 2292 an
790 2232 880 2300 lovis;
897 2231 1009 2305 brevis,
1024 2247 1060 2288 an

67 2317 172 2392 longa:
190 2309 305 2394 quodie
321 2318 395 2377 ritae
411 2333 503 2392 genus
515 2317 551 2374 sit
568 2325 715 2394 sequutus,
731 2315 917 2390 laboriosum,
933 2332 968 2373 an
981 2314 1059 2389 quio-

38 2417 63 2456 os
72 2407 142 2465 tum,
160 2417 222 2458 cum
238 2399 314 2474 luxu,
331 2417 365 2458 an
381 2418 444 2459 cum
459 2400 633 2475 frugalitate.
670 2399 716 2458 En
736 2397 781 2456 bis
799 2399 889 2473 enim,
911 2395 1059 2456 similibus·

72 2501 138 2560 que,
156 2501 244 2562 saepe
262 2484 377 2543 curandi
392 2503 468 2543 nova
482 2486 555 2543 ratio
574 2483 702 2543 ducenda
719 2490 773 2542 est.

131 2567 268 2642 Quamvis
282 2585 317 2625 ne
333 2567 405 2627 haec
423 2567 535 2646 quidem
550 2568 592 2626 sic
607 2567 758 2645 praeteriri
775 2564 889 2641 debent,
908 2565 989 2642 qnasi
999 2563 1060 2622 nul·

64 2651 123 2710 lam
140 2652 369 2711 controversiam
383 2653 537 2730 recipiant;
556 2669 619 2712 nam
635 2661 663 2710 et
680 2651 869 2710 Erasistratus
884 2665 943 2707 non
965 2666 1002 2707 ex
1016 2648 1061 2708 bis

65 2736 128 2794 lieri
145 2733 266 2794 morbos
278 2735 366 2804 dixit;
386 2737 517 2813 quoniam
533 2735 640 2809 etalii,
664 2743 693 2794 et
716 2733 801 2794 iidem
825 2734 896 2794 alias
918 2739 986 2811 post
1006 2733 1061 2790 ista

31 2827 123 2879 ³⁰non
140 2817 356 2879 febricitarent:
380 2828 409 2877 et
425 2819 537 2896 qnidam
552 2819 656 2878 medici
677 2819 785 2878 sacculi
807 2818 916 2893 nostri,
938 2814 991 2875 sub
1013 2833 1061 2873 au·

67 2913 159 2978 ctore,
175 2912 205 2961 ut
223 2903 278 2980 ipsi
296 2903 388 2962 videri
402 2903 518 2978 volunt,
537 2902 727 2979 Themisone,
746 2901 934 2975 contendunt,
956 2898 1061 2958 nullius

66 3004 173 3046 causae
189 2987 317 3046 notitiam
332 2986 484 3065 quidquam
505 2985 540 3046 ad
562 2986 725 3045 curationes
750 2987 912 3064 pertinerc;
935 2984 1062 3060 satisque

66 3089 148 3146 esse,
167 3069 307 3147 quaedam
321 3070 492 3131 commocio
505 3068 668 3129 morborum
690 3070 802 3129 intueri.
844 3066 990 3144 Siquidem
1009 3066 1061 3126 bo·

66 3172 126 3212 rum
143 3154 198 3212 tria
216 3171 324 3229 genera
340 3171 415 3230 esse,
435 3172 517 3212 unum
534 3153 712 3228 adstrictam,
735 3153 854 3213 alterum
877 3152 983 3227 fluens,
1004 3159 1061 3209 ter·

32 3242 132 3296 estium
156 3238 284 3295 mixtum.
316 3237 388 3296 Nam
410 3238 497 3297 modo
523 3255 620 3315 parum
641 3254 802 3296 excernere
824 3253 947 3312 aegros,
976 3233 1062 3294 modo

49 3323 195 3388 'nimium;
218 3320 302 3380 modo
323 3322 378 3381 alia
402 3331 484 3400 parte
500 3339 615 3399 parum,
638 3321 694 3380 alia
714 3321 837 3379 nimium.
868 3319 948 3378 llaec
969 3327 1061 3377 autem

65 3423 177 3480 genera
192 3403 357 3480 morborum
372 3405 459 3465 modo
475 3414 556 3464 acuta
571 3415 647 3479 esse,
662 3403 747 3464 modo
762 3404 864 3479 longa;
882 3412 911 3461 et
922 3401 1008 3461 modo
1020 3402 1060 3457 in-

68 3507 216 3564 crescere,
232 3487 318 3547 modo
337 3491 506 3565 consistere,
521 3488 606 3548 modo
622 3489 717 3546 minui.
757 3485 883 3563 Cognito
905 3486 991 3561 igitur
1011 3497 1060 3556 eo,
