2396 3904
391 223 461 274 nne.
476 188 640 273 vruscse.
660 227 695 274 x,
975 215 1035 278 :tte
1124 279 1127 285 .

26 375 180 456 simplex,
197 386 378 438 transversa:
395 380 481 456 pejor
495 379 544 438 'ubi
561 379 687 458 obliqua,
704 388 789 456 atque
801 379 848 439 ubi
860 381 945 442 multa
959 381 1035 460 frag·

26 469 156 521 menta:
179 463 315 538 pessima,
331 462 378 521 ubi
395 463 496 522 eadem
509 472 592 523 acuta
608 472 680 522 sunt.
710 462 925 542 Nonnumquam
943 475 1036 526 autem

26 546 135 606 fracta
154 546 182 602 in
199 545 243 604 his
261 563 328 606 ossa
350 547 377 604 ln
398 548 457 605 suis
478 545 597 606 sedibus
618 556 781 607 remanent:
805 548 893 608 multo
918 553 1036 629 saepius

28 627 195 704 excidunt,
220 628 356 707 aliudque
373 647 463 708 super
487 630 562 690 aliud
578 631 712 690 effertur:
742 630 828 708 idque
853 640 918 692 ante
942 637 1036 696 omnia

8 741 16 780 e
31 712 225 773 considerari
241 713 341 782 debet;
361 722 390 773 et
405 721 469 774 sunt
481 723 566 774 notae
583 724 691 773 certae.
706 714 737 773 Si
754 716 811 772 sois
827 715 945 776 sedibus
961 726 1036 792 sunt,

30 805 121 856 mota
148 806 299 873 resonant,
328 799 548 876 punctionisque
570 807 933 876 sensumrepraesentant;
959 809 1037 862 tantu

32 879 206 958 inaequalia
225 889 298 939 sunt.
330 882 453 941 Slvere
475 898 532 940 non
555 880 693 956 adversa,
716 881 767 940 scd
784 881 901 960 obliqua
912 884 1036 962 jungun-

33 973 104 1032 tur,
121 963 199 1042 quod
216 964 246 1024 lit
261 963 309 1024 ubi
325 965 392 1026 loco
408 982 460 1025 suo
475 982 532 1024 uon
548 975 626 1033 sunt,
642 964 798 1024 membrum
816 965 843 1024 id
863 967 956 1026 altero
971 967 1036 1026 bre·

33 1049 108 1107 vius
123 1055 186 1123 est,
204 1056 234 1106 et
250 1049 370 1108 musculi
394 1049 467 1123 ejus·
477 1057 594 1108 tument.
626 1048 725 1125 Ergo,
753 1049 778 1106 si
799 1048 856 1108 hoe
876 1049 1036 1128 deprehen·

8 1155 20 1199 e
33 1149 106 1191 sum
124 1140 179 1205 est,
194 1132 324 1209 protinus
338 1131 367 1191 id
382 1131 539 1192 membrum
554 1140 671 1210 oportet
686 1131 859 1192 extendere:
877 1151 939 1191 nam
955 1135 1037 1194 nervi

28 1215 242 1292 musculique,
260 1217 358 1276 intenti
373 1234 428 1295 per
442 1233 526 1291 ossa,
544 1215 763 1281 contrabuntur:
789 1219 934 1295 usquein
957 1235 1037 1277 suum

34 1299 141 1359 locum
162 1298 293 1375 veniunt,
310 1301 363 1360 nisi
380 1300 447 1360 illos
464 1319 518 1378 per
533 1301 587 1360 rim
600 1299 704 1376 aliquis
718 1299 846 1359 intendit.
877 1299 997 1378 Rursus,
1013 1301 1037 1360 si

36 1383 145 1462 primis
160 1381 263 1443 diebus
281 1383 308 1443 id
324 1386 459 1444 omissum
476 1393 538 1460 est,
554 1383 736 1444 inflammatio
748 1383 852 1452 oritur;
870 1383 922 1442 sub
938 1402 992 1462 qua
1009 1393 1038 1444 et

35 1466 164 1539 dffdclle
188 1475 218 1526 et
247 1469 414 1544 periculose
439 1470 483 1528 ris
508 1469 605 1527 nervis
629 1465 795 1526 adhibetur:
821 1484 884 1526 nam
903 1467 1037 1528 distentio

8 1565 216 1627 enervorum,
240 1551 289 1612 vel
305 1569 412 1613 cancer
427 1553 570 1631 aequitum
586 1550 636 1611 vel
655 1558 745 1626 certe,
762 1559 792 1611 ut
806 1552 954 1611 mitissime
969 1569 1037 1629 aga·

38 1644 100 1708 tur,
119 1651 182 1711 pus.
213 1633 324 1714 ltaque,
341 1637 366 1696 si
383 1645 449 1696 ante
465 1639 593 1714 reposita
607 1651 674 1694 ossa
693 1650 750 1694 non
765 1644 849 1709 sunt,
873 1645 976 1715 postea
990 1652 1035 1695 re·

39 1716 179 1798 ponenda
197 1726 271 1778 sunt.
302 1719 456 1780 Intendere
474 1729 568 1779 autem
585 1719 718 1796 digitum,
761 1717 809 1778 vel
829 1717 905 1779 aliud
923 1735 1037 1798 quoquc

38 1801 221 1877 membrum,
242 1803 266 1861 si
281 1803 374 1864 adhuc
388 1811 517 1864 tenerum
535 1813 595 1881 est,
611 1804 695 1863 etiam
718 1819 791 1862 unus
814 1811 899 1863 nomo
921 1812 1035 1881 potest:

38 1901 130 1964 quum
146 1883 264 1946 alteram
282 1897 391 1964 partem
406 1887 519 1963 dextra,
537 1888 656 1948 alteram
672 1887 786 1946 sinistra
798 1887 960 1964 prehendit.
979 1888 1036 1948 Va·

9 1969 150 2042 „lentius
175 1966 332 2031 membrum
357 1972 467 2039 duobus
492 1981 574 2048 eget,
601 1970 699 2049 quiin
723 1969 1035 2031 dirersecontcndant.

39 2054 76 2113 Si
92 2052 233 2114 firmiores
250 2057 332 2131 nerui
352 2065 432 2132 sunt,
455 2057 529 2115 utin
545 2055 614 2114 viris
632 2051 768 2127 robustis,
791 2054 970 2132 maximeque
988 2070 1036 2112 eo-

39 2155 108 2196 rum
128 2137 281 2198 feminibus
304 2147 333 2198 et
355 2139 501 2214 eruribus,
525 2139 794 2215 habenis-quoque,
820 2135 867 2194 vel
887 2135 981 2194 linteis
995 2134 1036 2195 ia·

41 2222 115 2280 sciis
132 2223 274 2300 utrimque
292 2225 385 2300 capita
402 2223 584 2283 articulorum
600 2219 768 2297 deliganda,
784 2228 812 2280 et
827 2237 880 2298 per
896 2218 997 2296 plures
1009 2219 1038 2277 in

42 2305 161 2365 diversa
185 2305 317 2365 ducenda
341 2297 414 2366 suut.
447 2306 504 2369 Ubi
526 2305 611 2385 paulo
633 2303 748 2379 longius
766 2319 849 2381 quam
870 2300 1038 2362 naturaliter

9 2415 31 2456 re
47 2405 118 2449 esse
136 2387 241 2465 debet,
265 2389 421 2451 membrum
442 2393 487 2451 vis
507 2391 594 2466 iecit,
617 2398 674 2448 tum
695 2386 806 2446 demum
822 2403 890 2447 ossa
909 2385 1037 2445 manibus

42 2473 75 2532 in
92 2490 171 2533 suam
187 2473 286 2533 eedem
310 2474 510 2553 compellenda
530 2483 610 2534 sunt:
639 2471 832 2548 indiciumque
855 2471 930 2529 ossis
952 2485 1036 2549 repo·

44 2556 93 2616 siti
110 2565 155 2616 est
171 2555 256 2617 dolor
270 2557 415 2633 sublatus,
433 2568 462 2618 et
476 2557 632 2618 membrum
652 2555 734 2615 alteri
750 2559 911 2631 aequatum.
941 2553 1037 2614 Invol-

44 2640 170 2700 vendum
195 2641 357 2720 duplicibus
382 2642 580 2721 triplicibusve
605 2641 706 2720 pannis
728 2638 839 2697 inviro
858 2635 1037 2714 etolcotin·

46 2726 119 2792 ctis;
147 2741 221 2803 quos
246 2725 352 2785 linteos
374 2745 457 2803 esse,
478 2725 655 2786 commodius
676 2724 731 2784 es't.
759 2720 835 2781 Fere
851 2738 921 2781 vero
940 2721 1039 2782 fasciis

10 2826 102 2882 posen
117 2825 191 2886 opus
208 2819 269 2870 est:
287 2811 376 2887 prima
393 2809 573 2886 brevissima,
589 2827 662 2888 quae
676 2809 753 2867 eirca
765 2805 920 2864 fracturam
936 2814 1037 2864 tervo-

45 2893 106 2952 luta
121 2909 233 2952 sursum
262 2911 377 2952 versum
401 2894 525 2968 feratur,
551 2904 580 2953 et
601 2893 683 2971 quasi
704 2891 732 2948 in
751 2887 901 2946 cochleam
923 2897 1037 2966 serpat:

45 2976 175 3054 satisque
192 2985 238 3035 est
258 2992 320 3036 eam
335 2985 379 3036 ter
394 2975 451 3036 hoe
472 2976 692 3056 quoquomodo
720 2971 842 3030 circuire
869 2968 968 3048 (Hipp.
993 2970 1040 3031 Dc

43 3059 141 3138 [root.
158 3059 179 3134 ὃ
197 3060 250 3138 4).·
266 3060 357 3120 altera
372 3058 486 3121 dimidio
503 3061 653 3136 longiore3
670 3072 773 3133 eaque,
793 3055 816 3113 si
835 3070 890 3130 qua
907 3064 990 3130 parte
1005 3072 1039 3114 os

46 3144 170 3220 eminet,
193 3142 230 3202 ab
248 3161 298 3208 ea:
326 3145 350 3202 si
366 3151 453 3203 totum
478 3143 598 3220 aequale
620 3151 680 3218 est,
702 3135 850 3198 undelibet
871 3156 960 3216 super
982 3140 1038 3199 fra·

11 3253 35 3295 35
48 3237 156 3287 cturam
176 3226 265 3288 debet
280 3229 422 3305 incipere,
439 3228 528 3308 priori
544 3227 676 3300 adversa,
693 3224 887 3298 deorsumque
903 3223 1038 3290 tendere;

46 3320 135 3390 atque
149 3313 252 3372 iterum
270 3312 305 3372 ad
322 3312 474 3371 fracturam
490 3327 626 3383 reversa,
649 3310 676 3368 in
697 3305 850 3383 superiore
868 3320 950 3384 parte
967 3309 1039 3368 ultra

47 3396 174 3476 priorem
189 3397 309 3457 insciam
325 3395 467 3456 desinere.
499 3395 655 3470 Superbos
670 3387 851 3467 injiciendum
868 3389 970 3455 latiore
988 3391 1038 3451 lin·

46 3489 97 3540 teo
116 3489 244 3542 ceratum
261 3489 322 3560 est,
349 3479 426 3560 quod
440 3498 490 3542 eas
503 3478 655 3541 contineat.
686 3476 749 3550 dc,
776 3473 800 3534 si
823 3491 879 3554 qua
901 3486 983 3558 parte
1003 3491 1038 3533 os
