2392 3906
137 215 177 276 86
435 227 467 272 s.
484 226 514 273 c.
531 198 629 274 causi
643 224 836 272 usuraruus

136 392 175 457 ut,
193 399 277 460 quum
293 383 412 459 primum
427 379 556 440 medicus
572 380 664 455 venit,
687 380 851 440 sollicitudo
866 383 948 458 aegri
972 379 1144 454 dubitantis,

136 465 281 544 quomodo
297 465 338 523 illi
354 483 385 524 se
401 465 510 525 babere
526 464 670 539 videatur,
691 481 741 523 eas
756 473 880 525 moveat.
910 465 953 524 Ob
970 483 1057 542 quam
1075 481 1144 522 cau·

135 567 206 626 sam,
226 549 310 628 periti
326 550 430 609 medici
451 559 511 623 est,
537 564 594 607 non
610 549 740 627 protinus
754 559 783 608 ut
798 551 891 624 veuit,
915 547 1147 629 apprehendere

134 653 217 694 manu
233 633 395 694 brachium:
414 633 464 692 sed
481 634 600 712 primum
617 631 745 692 residere
765 633 847 692 hilari
865 633 956 710 vultu,
981 641 1146 711 perconta-

133 721 233 798 rique‚
257 715 495 795 quemadmodum
513 733 544 774 se
560 715 679 784 babeat;
705 726 734 774 et
757 719 781 775 si
805 720 869 796 quis
886 717 949 792 ejus
970 725 1071 775 metus
1090 724 1168 790 ests

134 823 197 863 eum
219 801 364 880 probabili
386 818 521 860 sermone
536 799 643 868 lenire;
667 809 724 859 tum
742 801 847 860 deinde
868 803 931 876 ejus
947 803 1072 878 corpori
1088 817 1149 858 ma·

133 906 198 948 num
214 886 380 946 admovere.
414 885 494 958 Quas
506 901 594 942 venas
610 893 704 943 autem
721 895 897 964 conspectus
911 885 1015 944 medici
1027 891 1149 959 movet,

134 989 217 1049 quarn
236 969 323 1029 facile
339 967 417 1027 rnille
433 986 481 1026 res
497 966 624 1028 turbant!
658 969 758 1027 Altera
777 987 825 1028 res
841 978 902 1046 est,
924 971 969 1028 cni
985 967 1150 1043 credimus,

134 1057 232 1129 calor,
255 1069 349 1129 aeque
371 1050 477 1110 fallax:
501 1068 565 1110 uam
582 1051 628 1110 hic
659 1067 775 1128 quoque
802 1051 945 1109 excitatur
966 1059 1075 1128 aestu,
1108 1051 1149 1111 la·

132 1141 213 1213 bore,
231 1152 346 1209 somno,
364 1144 452 1211 metu,
473 1135 676 1195 sollieitudine.
707 1137 797 1213 Igitur
808 1139 910 1197 intueri
922 1137 1035 1216 quidem
1052 1138 1147 1195 etiam
1158 1151 1174 1189 u

131 1225 185 1281 ista
202 1228 334 1298 oportet;
351 1217 403 1276 sed
418 1218 463 1277 bis
477 1235 534 1278 non
548 1221 640 1278 omnia
658 1221 789 1279 credere.
820 1221 865 1281 Ae
880 1224 1009 1300 protinus
1022 1220 1148 1296 quidem

133 1307 226 1380 scire,
241 1320 300 1361 nou
314 1301 485 1362 febricitare
499 1320 578 1380 eum,
597 1305 678 1378 qu'us
697 1322 788 1364 venae
806 1305 972 1365 naturaliter
986 1302 1148 1364 ordinatae

132 1398 210 1462 sunt,
231 1397 375 1466 teporque
390 1385 459 1446 talis
476 1394 537 1462 est,
552 1387 646 1466 qualis
661 1407 727 1447 esse
744 1391 805 1447 sani
820 1389 910 1448 solet:
931 1407 988 1447 non
1004 1392 1149 1467 protinus

132 1482 225 1532 autem
249 1470 301 1530 sub
325 1470 576 1548 calorexmotuque
598 1470 709 1530 febrem
730 1489 796 1531 esse
818 1475 988 1551 concipere;
1013 1472 1073 1531 sed
1098 1474 1147 1544 ita,

132 1560 155 1616 si
171 1573 278 1616 summa
301 1572 418 1632 quoque
440 1553 518 1614 arida
540 1556 730 1634 inaequaliter
746 1557 818 1616 cutis
834 1565 893 1624 est;
917 1559 941 1614 si
961 1555 1045 1614 calor
1064 1565 1099 1615 et
1120 1557 1171 1614 inu

132 1642 227 1699 fronte
243 1648 303 1714 est,
326 1648 355 1698 et
371 1657 409 1698 ex
424 1639 488 1698 imis
505 1639 686 1718 praecordiis
701 1642 805 1708 oritur;
830 1642 854 1698 si
875 1642 991 1720 spiritus
1010 1657 1049 1698 ex
1067 1641 1146 1699 rrari·

132 1726 185 1783 bus
201 1741 265 1784 eum
280 1722 400 1782 fervore
416 1725 593 1800 prorumpit;
616 1726 640 1782 si
655 1724 738 1783 color
752 1733 800 1783 aut
816 1723 939 1800 rubore,
961 1732 1008 1782 aut
1023 1723 1145 1802 pallore

131 1825 207 1866 novo
225 1814 348 1865 mutatus
363 1813 423 1874 est;
442 1806 467 1864 si
487 1806 564 1865 oculi
579 1823 700 1883 graves,
723 1817 752 1866 et
774 1816 822 1867 aut
843 1809 986 1886 persicci,
1007 1815 1059 1865 aut
1077 1806 1145 1866 sub·

131 1891 235 1950 humidi
253 1898 332 1957 sunt;
356 1889 378 1946 si
400 1888 489 1949 sudor
504 1906 589 1967 quum
609 1891 655 1967 lit,
672 1892 829 1969 inaequalis
844 1900 903 1960 est;
928 1893 951 1951 si
970 1907 1067 1949 venae
1087 1907 1145 1951 non

131 1973 300 2052 aequalibus
323 1971 483 2032 intervallis
502 1982 663 2034 morentur.
699 1974 743 2034 Ob
765 1993 848 2054 quam
871 1991 985 2034 causam
1006 1975 1170 2034 medicusu

131 2077 226 2136 nequo
242 2055 430 2132 intenebris,
452 2073 547 2136 neque
566 2077 581 2117 a
598 2061 694 2138 capite
710 2062 790 2136 aegri
807 2059 893 2118 debet
914 2058 1065 2126 residere;
1092 2059 1144 2117 sed

130 2143 234 2202 illustri
257 2142 325 2200 loco
348 2139 504 2214 adversus,
529 2151 560 2200 ut
583 2159 683 2202 omnes
703 2153 786 2202 notas
802 2161 839 2202 ex
856 2141 933 2201 vultu
955 2158 1075 2220 quoque
1094 2159 1144 2201 cn-

131 2228 224 2287 bantis
240 2227 393 2306 percipiat.
423 2223 479 2284 Ubi
497 2243 569 2286 vero
586 2227 677 2287 febris
692 2228 760 2301 fuit,
778 2245 813 2286 ac
827 2226 975 2300 decrevit,
999 2235 1145 2302 spectare

131 2320 258 2390 oportet,
276 2327 340 2368 num
356 2319 500 2387 tempora,
517 2320 654 2388 partesve
673 2313 807 2388 corporis
823 2311 896 2370 aliae
913 2309 1026 2388 paulum
1038 2309 1143 2368 made·

59 2411 65 2420 ·
131 2405 222 2472 scant,
240 2412 313 2472 quae
331 2392 466 2451 sudorem
483 2402 633 2453 venturum
650 2412 717 2452 esse
733 2402 889 2452 testentur:
906 2412 940 2453 ac
956 2393 980 2451 si
994 2409 1049 2470 qua
1069 2403 1169 2453 notans

131 2489 191 2550 est,
214 2487 281 2535 tunc
303 2475 414 2534 demum
437 2476 505 2534 dare
528 2480 607 2553 potui
630 2476 748 2535 calidam
766 2494 882 2553 aquam,
908 2478 989 2552 cujus
1012 2475 1143 2538 salubris

134 2561 256 2618 allectus
275 2567 335 2632 est,
359 2561 382 2616 si
404 2557 539 2616 sudorem
555 2577 608 2638 per
623 2561 716 2618 omnia
737 2559 863 2618 membra
880 2559 1016 2619 diffundit.
1043 2558 1143 2634 HuJ'us

134 2653 227 2702 autem
242 2641 285 2700 rei
302 2657 398 2714 causa,
416 2641 565 2698 continere
581 2659 671 2716 aeger
688 2641 740 2700 sub
757 2652 839 2702 veste
856 2647 925 2703 satis
938 2643 1023 2702 multa
1035 2659 1142 2703 manus

133 2725 234 2791 debet;
258 2723 416 2799 eademque
438 2739 538 2797 crura,
561 2724 708 2804 pedesque
733 2736 907 2804 contegere:
931 2745 984 2804 qua
1002 2727 1140 2806 plerique

133 2825 240 2886 aegros
255 2809 283 2866 iu
298 2807 365 2884 ipso
381 2803 471 2863 febris
486 2805 593 2884 impetu
608 2810 682 2868 male
700 2809 815 2869 habeut.
848 2813 878 2870 Si
900 2811 1003 2870 sudare
1024 2808 1168 2890 corpusne

76 2933 83 2951 ,
134 2894 243 2972 coepit,
257 2891 375 2950 linteum
390 2887 559 2966 tepefacere
572 2903 698 2970 oportet,
715 2894 909 2972 paulatimque
922 2895 1034 2970 singula
1046 2911 1138 2952 mem·

131 2978 184 3037 bra
199 2976 363 3051 detergere.
389 2971 429 3031 m
444 2972 492 3031 ubi
510 2974 599 3034 sudor
618 2979 708 3036 omnis
723 2979 893 3054 linitusest,
916 2988 963 3037 aut
987 2980 1010 3036 si
1034 2979 1059 3036 is
1077 2993 1137 3037 non

129 3063 219 3136 venit,
236 3059 284 3118 ubi
304 3075 388 3135 quam
403 3057 523 3116 maxime
540 3062 646 3138 potuit,
671 3062 791 3121 idoneus
813 3081 880 3121 esse
895 3061 968 3120 ‘cibo
985 3079 1078 3138 aeger
1094 3063 1136 3120 ri·

131 3145 229 3219 detur,
252 3141 311 3201 sub
334 3151 416 3200 reste
436 3141 540 3201 leniter
571 3146 721 3221 ungendus
752 3154 809 3222 est,
840 3153 898 3204 tum
924 3145 1133 3222 detergendus,

131 3229 234 3288 deinde
252 3229 278 3285 ei
296 3224 375 3284 cibus
392 3225 508 3284 dandus.
541 3225 569 3286 ls
585 3238 678 3288 autem
694 3229 923 3290 febricitantibus
938 3227 1068 3287 humidus
1090 3237 1135 3288 est
1143 3250 1166 3290 aa

130 3315 293 3390 aptissimus
309 3307 403 3388 (Aple.
420 3308 443 3384 Ι,
465 3309 536 3388 16),
561 3320 616 3370 aut·
629 3312 738 3373 humori
760 3323 839 3372 uerte
862 3329 945 3390 quam
968 3315 1133 3391 proximus:

131 3400 228 3475 utique
244 3413 280 3455 ex
297 3393 415 3452 materia
437 3409 519 3470 quam
541 3394 705 3472 levissima,
724 3399 903 3476 maximeque
920 3396 1058 3470 sorbitio,
1084 3414 1133 3455 ea·

132 3499 204 3560 que,
226 3483 249 3540 si
269 3495 390 3553 maguae
406 3475 506 3536 febres
523 3477 645 3556 fuerint,
670 3496 753 3559 quam
770 3481 935 3542 tenuissima
950 3498 1018 3540 csse
1033 3479 1133 3540 debet.
