2392 3906
367 199 498 248 nra.1v.
518 199 593 248 ora.
611 201 684 262 vua,
699 201 747 251 1x.
993 193 1048 255 131

53 353 110 416 diu
129 351 215 420 trahi;
236 353 293 414 dau
308 353 490 431 insequentia
506 363 589 414 acuta
606 372 673 416 esse
688 367 871 418 consuerunt.
908 355 958 418 llis
973 377 1050 419 ccm-

51 437 151 497 muntia
166 445 241 496 sunt:
264 435 339 514 quod
355 446 476 515 propter
488 440 649 514 angustias,
667 457 721 516 per
734 458 805 517 quas
817 443 933 520 spiritus
946 443 1052 519 evadit,

52 519 171 580 sibilum
192 519 266 594 edit,
292 519 376 580 dolor
391 520 420 578 iu
435 530 557 599 pectore
573 522 813 601 praecordiisque
830 535 888 602 εει,
911 528 1051 586 interdum
1107 539 1111 548 ·

52 604 143 664 etiam
158 606 186 662 iu
200 603 343 682 scapulis,
365 605 449 682 isque
463 605 550 666 modo
568 605 702 685 decedit,
723 607 809 668 modo
825 610 993 678 revertitur;
1016 611 1051 670 ad
1105 669 1109 676 .

29 687 130 748 obsec
151 687 289 748 tussicula
308 687 431 748 accedit.
469 688 613 748 Auxilium
629 699 691 767 est,
713 691 766 750 nisi
782 691 888 770 aliquid
904 692 1049 770 prohibet,

40 773 80 830 -in
96 771 248 847 sanguinis
263 771 453 834 detractione.
489 771 593 850 Neque
610 773 638 832 id
653 774 723 832 satis
739 784 799 849 est,
816 775 867 836 aad
886 776 962 836 lacte
978 792 1049 854 quo·

50 873 110 933 que
136 863 239 914 venter
259 855 417 918 soluendus
440 865 501 917 est:
529 855 661 934 liquanda
684 856 783 934 aluus,
805 859 943 918 interdum
967 860 1049 918 etiam
1132 923 1135 926 ,

51 937 202 1014 ducenda,
225 938 329 1017 quibus
349 947 532 1002 extenuatum
555 958 661 1018 corpus
678 941 782 1019 incipit
791 942 919 1022 spiritum
935 943 1050 1002 trahere
1097 965 1102 976 ·

52 1022 243 1082 commodius.
279 1020 374 1100 (iaput
393 1022 487 1085 autem
511 1025 596 1084 etiam
615 1026 643 1084 iu
659 1024 737 1084 lecto
753 1024 875 1086 sublime
890 1025 1051 1086 habendum

19 1116 114 1176 roest3
142 1105 247 1166 thorax
269 1106 421 1184 lomentis,
443 1107 714 1186 cataplasmatisape
735 1108 853 1184 calidis,
881 1117 928 1169 aut
951 1110 1050 1184 siccis,

53 1199 101 1250 ant
123 1189 210 1248 etiam
232 1189 354 1250 humidis
375 1190 552 1264 adjuvandus
574 1200 634 1260 est;
664 1201 694 1252 ct
715 1200 819 1270 postea
839 1193 885 1252 vel
910 1192 1050 1268 malagma

53 1273 363 1352 superimponendum,
386 1274 435 1336 vel
457 1283 538 1334 certe
558 1283 684 1337 ceratum
699 1294 736 1336 ex
752 1278 891 1354 cyprino,
913 1276 961 1336 uel
977 1273 1049 1335 iiiuc

52 1366 225 1434 unguento..
248 1357 391 1418 Sumenda
413 1357 516 1418 deinde
533 1358 634 1432 jejuno
657 1361 738 1436 potui
758 1359 849 1419 mulsa
872 1377 963 1438 aqua,
987 1379 1049 1418 cum

53 1458 110 1518 qua
137 1441 187 1500 uel
210 1440 357 1518 hyssopus
382 1450 484 1518 cocta,
512 1441 560 1501 vel
588 1444 710 1503 coutrita
735 1445 870 1521 capparis
897 1444 977 1502 radix
1002 1446 1049 1502 sit.

22 1545 44 1587 m
54 1523 220 1600 Delingitur
242 1526 326 1584 etiam
352 1525 460 1584 utiliter
486 1534 533 1585 aut
560 1525 679 1602 nitrum,
714 1534 760 1586 aut
787 1530 971 1602 nasturtium,
1003 1534 1050 1586 aut

54 1607 152 1668 allium
174 1607 304 1683 frictum,
327 1607 431 1669 deiude
454 1610 606 1668 contritum
626 1619 655 1668 ct
677 1628 740 1670 cum
755 1610 841 1670 melle
856 1610 991 1670 mixtum:
1011 1611 1048 1668 εἰ·

54 1692 171 1769 mulque
195 1699 355 1770 coquuntur
374 1692 448 1768 mel,
475 1691 646 1768 galbanum,
673 1695 768 1754 resina
790 1692 997 1770 terebinthina,
1021 1702 1049 1752 et

54 1775 101 1834 ubi
125 1777 274 1850 coierunt,
296 1793 333 1834 cx
355 1776 399 1835 his
424 1775 501 1856 quod
514 1776 599 1836 fabae
615 1775 836 1854 magnitudinem
852 1775 955 1852 hahet,
979 1794 1048 1854 quo·

55 1859 122 1920 tidie
148 1859 203 1920 sub
226 1859 322 1935 lingua
342 1859 479 1937 liquatur:
509 1868 556 1920 aut
574 1859 723 1938 sulphuris
743 1863 835 1938 iguem
858 1877 915 1920 non
935 1860 1050 1937 experti

26 1960 83 2020 nup.
104 1945 163 2023 )·(.
187 1960 236 2002 a.
259 1942 391 2004 abrotoni
415 1961 442 2021 p.
459 1942 514 2022 )·(.
536 1944 564 2002 iu
584 1944 641 2002 viui
664 1944 769 2018 cyatho
792 1953 937 2018 teruntur,
963 1943 1049 2021 idque

56 2027 232 2104 tepefactum
253 2025 411 2090 sorbetur..
434 2027 487 2088 Εει
505 2029 661 2100 etiamnum
676 2045 747 2090 vana
764 2029 878 2106 opinio,
902 2027 1049 2104 vulpinum

53 2112 152 2186 jecur,
177 2108 225 2170 ubi
247 2112 356 2171 siccum
376 2119 405 2170 et
426 2111 532 2170 aridum
547 2110 653 2170 factum
671 2121 730 2185 est,
748 2111 882 2172 contundi
898 2120 1048 2188 oportere,

15 2205 18 2210 '
57 2194 260 2272 polentamque
284 2213 323 2264 ex
343 2211 380 2256 eo
395 2195 506 2272 potioni
522 2195 654 2270 aspergi:
680 2194 726 2254 vel
742 2193 871 2270 eJ'usdem
885 2194 1049 2272 pulmonem

58 2295 139 2354 quam
148 2279 378 2338 recentisshuum
387 2296 492 2354 assum,
504 2277 713 2338 sedsiuelerro
722 2277 899 2355 (?)coctum,
909 2276 1050 2338 edendum

28 2378 50 2420 u
60 2379 132 2421 esse.
153 2361 273 2421 Praeter
288 2363 361 2422 haec
374 2361 580 2422 sorbitionibus
593 2369 622 2420 et
634 2360 747 2420 leuibus
760 2361 832 2420 cibis
843 2360 978 2420 utendum
991 2367 1049 2426 est;

60 2446 197 2505 interdum
214 2447 280 2504 vino
295 2447 387 2523 tenui,
403 2455 538 2513 austero;
556 2462 764 2522 nonnumquam
778 2444 895 2504 uomitu.
928 2443 1050 2502 Prosunt

61 2530 141 2588 etiam
166 2545 365 2607 quaecumque
391 2530 498 2589 urinam
523 2537 654 2588 moveat:
688 2527 740 2586 sed
762 2528 832 2587 nihil
852 2529 944 2604 magis
966 2543 1050 2604 quam

63 2612 212 2672 ambulatio
234 2613 311 2673 lenta
334 2631 426 2692 paene
446 2630 541 2690 ¹usque
556 2612 592 2671 ad
608 2611 816 2680 lassitudinem
839 2611 934 2671 frictio
952 2610 1049 2684 multa,

62 2699 216 2773 praecipue
231 2696 398 2756 inferiorum
415 2697 553 2772 partium,
571 2695 618 2753 vel
635 2696 662 2753 in
679 2695 759 2772 sole,
776 2695 824 2754 uel
841 2695 877 2754 ad
893 2696 1005 2772 ignem,
1021 2701 1051 2750 ει

33 2773 112 2854 siper
127 2797 160 2838 se
177 2783 318 2858 ipsum,et
333 2799 386 2858 per
401 2779 490 2853 alios,
507 2797 597 2856 usque
613 2778 648 2837 ad
664 2779 807 2838 sudorem.

339 3015 520 3079 chaun
556 3015 766 3093 1x[1v‚3].

363 3129 400 3178 De
418 3129 529 3180 faucium
547 3130 741 3180 exulceratione.

122 3279 154 3340 ln
167 3271 304 3342 interio're
319 3299 391 3342 vero
407 3281 530 3342 lancium
547 3289 628 3360 parte
640 3278 778 3338 interdum
791 3278 970 3338 exulceratio
984 3293 1050 3334 esse

68 3366 220 3424 consuevit.
248 3366 281 3425 ln
296 3367 351 3426 hac
364 3365 497 3444 plerique
514 3365 694 3423 extrinsecus
710 3361 923 3439 cataplasmatis
939 3359 1050 3431 calidis,

39 3445 253 3526 &iumentisque
273 3449 394 3510 humidis
410 3457 536 3510 utuntur:
560 3447 660 3508 volunt
675 3448 758 3506 etiam
776 3462 914 3588 vqpprem
929 3441 1051 3502 calidum
