2384 3896
158 177 216 246 180
448 191 854 242 a.c.csr.s1rruurcruars

157 349 329 424 chalcitidis,
346 346 523 424 singulorum
536 363 565 425 p.
581 347 637 425 )·(.
653 359 688 406 ιι.
706 346 807 423 aloes,
828 346 917 421 mris,
932 345 1060 407 aluminis
1073 344 1128 405 scu

155 435 233 509 silis,
250 431 427 510 singulorum
439 448 468 509 p.
483 430 540 510 )·(.
558 443 604 490 tv.
620 429 844 508 aristolochiae,
858 429 955 507 gallae
969 431 1128 502 immaturae,

156 516 333 594 singulorum
349 535 378 595 p.
394 514 450 592 )·(.
469 527 543 574 v111.
558 513 699 574 malicorii
716 514 831 574 contriti
847 532 875 593 p.
891 513 947 593 )·(.
964 527 999 572 x.

181 608 183 613 '
218 603 248 662 4.
274 597 326 660 list
340 598 458 675 ludaei,
475 599 502 657 in
514 614 570 677 qua
585 607 651 658 sunt
662 597 752 658 calcis
766 605 864 675 partes
877 598 967 673 duae,
981 597 1049 657 nitri
1063 613 1131 674 quan

155 685 306 744 ruberrimi
326 699 393 761 pars
408 683 506 742 tertia:
527 699 601 760 quae
616 681 696 741 urina
716 680 873 760 impuberis
891 683 972 760 pueri
992 689 1147 758 coguntur,s

156 769 250 842 donec
266 767 425 844 strigmenti
440 765 601 826 crassitudo
623 766 669 826 sit.
708 764 766 826 Sed
788 764 910 826 subinde
931 767 957 826 is
979 766 1079 840 locus,
1099 765 1134 822 cui

93 873 98 884 ·
155 853 184 913 id
198 851 331 926 illinitur,
347 849 584 910 madefaciendus
599 859 654 910 est.

216 937 246 996 5.
263 935 300 995 m
312 934 416 1009 lollas,
431 934 548 994 chartae
561 932 739 1008 combustae,
752 931 958 1009 sandarachae,
970 933 1135 1010 singulcmn

156 1038 184 1098 p.
200 1021 292 1098 )·(.1.
308 1017 397 1078 calcis
413 1035 441 1096 p.
458 1017 514 1095 )·(.
536 1031 573 1077 11.
595 1017 795 1096 auripigmenti
810 1017 982 1077 tantumdem
997 1014 1135 1076 miscebat

219 1103 248 1163 6.
273 1103 304 1161 Si
325 1118 397 1161 vero
420 1119 458 1160 ex
479 1100 660 1177 membrana,
689 1118 763 1179 quae
792 1119 881 1180 super
910 1100 1066 1161 cerebrum
1092 1107 1155 1173 estu

156 1185 273 1264 produit
289 1185 422 1261 sanguis,
438 1184 555 1245 vitellus
571 1185 737 1245 combustus
760 1193 790 1244 et
805 1185 943 1248 contritus
957 1183 1088 1264 inspergi
1099 1183 1136 1243 de·

156 1268 221 1329 bet:
247 1269 271 1325 si
298 1268 354 1328 alio
379 1268 446 1328 loco
472 1269 618 1346 sanguinis
646 1268 816 1348 profluvium
847 1279 908 1344 est,
936 1267 1136 1347 auripigmenti,

157 1369 292 1430 squamae
309 1353 400 1429 aeris,
420 1352 598 1430 singulorum
614 1371 642 1430 p.
658 1354 715 1431 )·(.
736 1365 758 1412 1.
776 1352 972 1414 sandarachae
989 1370 1019 1430 p.
1036 1352 1091 1432 )·(.
1110 1363 1137 1408 ιι.

128 1436 130 1444 ’
155 1438 305 1496 marmoris
323 1438 400 1496 cocti
413 1453 440 1515 p.
461 1438 517 1517 )·(.
539 1450 585 1496 tv.
616 1435 725 1496 Eadem
741 1453 846 1496 cancro
863 1453 979 1516 quoque
994 1434 1136 1496 obsistunt.

155 1519 202 1580 Ad
222 1520 411 1580 inducendam
433 1522 610 1596 cicatricem,
634 1537 770 1599 squamae
791 1521 884 1597 aeris,
915 1522 985 1580 turis
1006 1519 1135 1596 fuliginis,
1143 1529 1174 1588 ιιι

156 1602 332 1682 singulorum
349 1623 377 1682 p.
392 1606 448 1683 )·(.
465 1617 500 1664 ιι.
518 1604 652 1691 calcisp.
669 1606 723 1682 )·(.
740 1616 784 1663 ιν.
810 1603 921 1684 ΑΕιιιίοιιι
937 1605 1136 1666 increscentem

156 1705 272 1765 quoque
290 1705 405 1748 carnem
428 1698 575 1750 coercent.

218 1773 248 1830 7.
279 1771 413 1832 Timaeus
440 1781 534 1834 autem
559 1774 595 1834 ad
622 1774 718 1852 ignem
746 1789 860 1834 sacrum
883 1772 978 1832 ethis
1001 1771 1136 1833 utebatur:
1172 1787 1174 1904 p

157 1855 290 1929 myrrhae
317 1875 346 1935 p.
374 1857 430 1934 )·(.
457 1868 493 1917 11.
522 1858 612 1934 turis,
644 1857 793 1926 atramenti
819 1857 935 1933 sutorii,
969 1857 1137 1934 singulorum

157 1957 185 2016 p.
201 1940 258 2018 )·(.
279 1952 329 2000 111.
349 1940 562 2013 sandarachae,
580 1941 797 2021 auripigmenti,
819 1957 956 2018 squamae
973 1945 1071 2019 aeris,
1093 1941 1157 1998 stu-a

155 2023 287 2098 gaiorum
313 2043 342 2103 p.
364 2026 419 2103 )·(.
441 2038 488 2084 lv.
509 2024 606 2102 gallae
629 2044 656 2104 p.
678 2025 735 2105 )·(.·
749 2037 795 2084 vr.
819 2041 958 2084 cerussae
980 2024 1137 2084 combustas

156 2126 184 2185 p.
203 2107 332 2186 )·(.vut.
361 2107 403 2168 Ea
419 2108 467 2168 rel
483 2109 562 2169 arida
578 2110 729 2188 inspersa,
753 2107 801 2168 vel
817 2107 905 2168 melle
925 2118 1053 2188 excepta
1076 2107 1138 2169 iden

156 2199 314 2270 praestant.

217 2275 246 2338 8.
271 2279 501 2337 Sternutamenta
522 2293 593 2336 vero
615 2277 663 2336 vel
691 2275 759 2337 albo
785 2287 920 2351 veratro,
949 2275 998 2337 uel
1027 2274 1137 2337 struthio

94 2363 98 2368 '
155 2363 291 2436 conjecto
307 2363 335 2420 in
352 2379 438 2422 nares
451 2360 631 2436 excitantur,
644 2360 692 2420 vel
708 2360 752 2420 his
769 2361 879 2420 mixtis:
894 2360 1024 2438 piperis,
1043 2358 1157 2426 veratria
1173 2377 1174 2380 ¹

155 2443 228 2518 albi,
245 2441 425 2520 singulorum
442 2462 468 2524 p.
486 2447 541 2524 )·(.
560 2465 584 2508 a.
601 2444 728 2506 castorei
744 2461 771 2524 p.
789 2445 845 2523 )·(.
861 2458 883 2504 1.
901 2460 1022 2524 spumae
1039 2446 1103 2504 nitri
1117 2460 1137 2520 p.

154 2528 210 2605 )·(.
226 2541 249 2585 1.
264 2530 377 2588 struthii
385 2530 420 2606 *p.
436 2529 493 2608 )·(.
515 2544 562 2590 lv.
892 2569 895 2576 «

217 2610 248 2670 9.
266 2609 519 2688 Gargarizationes
541 2624 636 2675 autem
657 2623 705 2675 aut
724 2613 859 2674 lucrandi
882 2629 968 2672 causa
994 2613 1083 2687 hunt,
1102 2617 1139 2670 aut

154 2695 345 2770 reprimendi,
361 2705 410 2756 aut
424 2699 574 2757 evocandr
597 2697 723 2773 Laevant
739 2699 800 2771 lac,
819 2714 934 2757 cremor
946 2697 995 2756 vel
1007 2698 1138 2775 ptisanae

154 2777 371 2860 veliuriqrum:
390 2779 621 2859 reprimitaqua,
641 2783 739 2860 inqua
761 2781 809 2841 vel
829 2781 981 2854 lenticula,
1003 2782 1053 2841 vel
1074 2786 1159 2849 rorat

127 2863 202 2921 .vel
214 2861 318 2938 rubus
334 2863 381 2923 vel
395 2874 548 2924 cotoneum
563 2867 683 2942 malum,
702 2865 750 2926 vel
766 2865 916 2944 palmulae
922 2864 1138 2926 decoctaesrnr

155 2955 279 3010 evocant
297 2951 406 3028 sinapi,
422 2950 516 3030 piper.

337 3087 340 3094 ’
457 3135 641 3196 carna
674 3134 841 3195 xxm.

350 3256 386 3304 De
404 3257 536 3316 antidoti‚s
552 3265 576 3306 et
594 3257 684 3320 qubus
700 3257 774 3306 malis
792 3271 834 3322 opu
826 3256 953 3306 itulentur

218 3371 353 3434 Antidota
370 3391 452 3449 raro,
474 3375 526 3434 sed
541 3376 698 3452 praecipue
720 3375 860 3436 interdum
883 3377 1051 3434 necessaria
1072 3377 1134 3440 sant,
1141 3382 1157 3422 a

156 3460 220 3535 quia
235 3457 414 3534 gravissimis
432 3458 548 3518 casibus
564 3459 747 3536 opitulantur.
781 3458 823 3518 Ea
838 3468 921 3520 recte
947 3459 1064 3536 quidem
1080 3456 1135 3516 dau
