2392 3906
142 205 191 265 db
439 211 471 259 n.
489 210 519 276 c,
536 209 633 258 cunsr
647 207 839 257 mnnrcnunn

150 371 204 430 bus
214 369 326 429 ienriuis
336 375 480 426 menstrua
491 381 548 426 nou
557 365 737 443 proveniunt,
749 379 873 422 necess
882 369 929 422 est
938 361 1042 440 capitis
1054 375 1135 420 acer·

150 453 257 512 bissimi
272 451 388 512 dolores
403 451 474 525 sint,
489 449 537 508 vel
552 446 699 526 quaelibet
714 447 769 507 alia
783 463 852 524 pars
867 445 969 506 morbo
984 444 1137 505 infestetur
1191 467 1193 528 p

150 537 204 614 (ci.
222 534 300 614 Apb.
315 535 352 610 V,
366 535 434 612 57).
462 533 628 608 Eademque
644 531 678 589 iis
695 529 824 609 pericula
846 537 927 602 εεει,
948 529 1053 608 quibus
1068 530 1135 588 arti-
1191 543 1192 550 ¹

151 620 279 679 culorum
291 618 409 679 dolores
420 627 621 693 tumoresque,
637 615 699 676 sine
709 614 839 694 podagra
853 613 1051 692 similibusque
1062 628 1137 672 mor·

151 703 211 778 bis,
227 705 370 778 oriuntur,
390 711 420 762 et
434 701 578 761 desinunt:
595 699 710 775 utique,
732 700 757 758 si
779 714 869 775 saepe
885 706 1015 775 tempora
1033 696 1159 756 iisdems

152 787 274 862 dolent,
285 795 428 864 noctuque
446 799 568 862 corpora
583 782 722 843 insudant.
757 783 787 842 Si
802 783 884 842 irous
898 782 1006 859 prurit,
1023 781 1138 859 lippitu-

151 871 225 930 dinis
239 881 330 930 metus
341 877 395 930 est.
427 868 457 928 Si
471 867 600 927 muliera
614 874 696 945 partu
707 863 894 926 vehementes
908 865 1037 945 {cupitis}
1055 863 1140 926 dolo·

151 973 200 1013 res
218 953 321 1029 habet,
336 969 431 1030 neque
446 951 501 1011 alia
519 959 673 1029 praeterea
686 951 768 1026 sigua
783 950 856 1010 mala
871 956 950 1026 suut,
966 949 1045 1009 circa
1059 950 1140 1008 vice·

38 1032 41 1040 ’
151 1040 251 1097 simum
262 1036 336 1096 diem
347 1045 394 1096 aut
406 1036 521 1112 sanguis
536 1051 589 1114 per
599 1051 684 1094 nares
696 1042 842 1112 erumpet,
859 1042 906 1093 εει
915 1034 943 1093 ἰε
953 1031 1141 1092 inferioribus

152 1119 280 1198 partibus
296 1119 402 1198 aliquid
419 1118 557 1179 abscedet
579 1117 707 1198 (Propo.
726 1117 828 1196 §2¹)·
857 1115 1036 1194 Quicumque
1056 1117 1168 1178 etiamn

152 1203 282 1262 dolorem
300 1204 443 1279 ingentem
461 1205 537 1263 circa
557 1211 688 1280 tempora
710 1210 738 1261 et
753 1201 878 1261 frontem
899 1199 1035 1274 habebit,
1060 1202 1085 1258 is
1102 1199 1142 1258 al·
1191 1273 1192 1278 ἵ

66 1285 72 1300 ’
151 1295 259 1347 terutra
271 1287 380 1346 ratione
396 1303 461 1346 eum
477 1286 570 1356 liniet;
586 1287 744 1363 magisque,
759 1286 783 1344 si
794 1283 910 1361 juvenis
922 1285 990 1360 erit,
1008 1301 1063 1362 per
1078 1299 1142 1343 sau·
1191 1297 1193 1332 ι

151 1371 243 1445 guinis
263 1369 471 1447 prolusiouem;
505 1371 530 1429 si
549 1371 665 1446 senior,
683 1386 738 1447 per
756 1369 989 1447 suppurationem
1011 1365 1142 1446 (Proqn

152 1451 255 1530 §21).
297 1451 399 1513 Febris
419 1462 513 1513 autem
535 1471 609 1532 quae
634 1452 727 1512 subito
744 1454 806 1512 siue
823 1453 953 1527 ratione,
972 1452 1036 1510 sine
1057 1451 1143 1510 bouis

152 1538 240 1612 signis
257 1536 334 1597 linita
349 1545 411 1612 est,
432 1537 496 1596 iere
512 1538 667 1598 revertitur
682 1535 810 1615 (Propo.
830 1536 851 1611 ᾗ
867 1536 933 1614 24).
960 1525 1026 1595 'Cui
1040 1535 1168 1594 iaucesus

152 1620 290 1696 sanguiue
307 1628 337 1679 et
348 1620 468 1680 interdiu
480 1629 607 1681 etuoctu
627 1620 785 1699 replentur,
807 1620 860 1695 sic,
880 1629 911 1680 ει
927 1637 1022 1698 neque
1040 1619 1143 1698 capitis

152 1703 280 1777 dolores,
296 1721 389 1780 neque
402 1704 651 1781 praecordiorum,
667 1721 760 1782 neque
777 1705 880 1779 tussis,
896 1721 991 1780 neque
1006 1703 1143 1775 vomitus,

157 1803 252 1864 neque
272 1786 411 1847 febricula
432 1789 644 1865 praecesserit,
667 1787 751 1862 hujus
772 1788 868 1846 autin
890 1786 1025 1862 pambus,
1047 1795 1097 1846 aut
1116 1787 1143 1845 iu

151 1868 281 1930 faucibus
303 1869 383 1929 ulons
403 1870 464 1949 [vel
483 1870 597 1949 hirudo]
618 1871 781 1949 reperietur
802 1869 945 1950 (Prorrb.
968 1870 1010 1945 ll,
1031 1871 1054 1946 ἕ
1077 1871 1142 1949 17).

152 1955 183 2012 Si
200 1952 310 2012 mulieri
328 1953 433 2030 inguen
457 1953 511 2031 (ci.
531 1953 587 2030 111,
607 1954 642 2032 5)
665 1963 694 2014 et
714 1953 855 2015 febricula
875 1963 938 2015 ortu
960 1962 1019 2030 est,
1045 1971 1169 2032 nequeo

153 2053 240 2100 εεεεε
251 2046 381 2114 apparet,
397 2037 480 2096 ulcus
494 2039 522 2096 in
534 2038 617 2098 vulva
629 2047 674 2098 est
692 2035 789 2116 (ibid.
808 2038 829 2114 ς
847 2038 913 2115 24).
944 2038 1031 2099 Urina
1049 2047 1144 2098 autem

153 2137 267 2196 crassa,
283 2138 320 2180 ex
334 2137 389 2199 qua
402 2120 478 2199 quod
492 2120 611 2197 desidit,
627 2121 722 2182 album
738 2133 799 2194 εει,
822 2121 964 2199 significat
979 2123 1058 2182 circa
1077 2121 1143 2182 arti·

153 2203 251 2278 culos,
277 2213 324 2263 εει
349 2205 425 2264 circa
452 2204 567 2266 viscera
589 2207 736 2283 dolorem,
766 2215 928 2282 metumque
953 2205 1047 2266 morbi
1075 2221 1144 2266 esse

153 2285 248 2368 (ibid.
264 2287 315 2362 §4
336 2332 343 2346 .
370 2285 479 2348 Eadem
491 2289 600 2365 viridis,
616 2300 664 2350 εει
678 2292 820 2350 viscerum
832 2289 972 2366 dolorem,
988 2299 1143 2352 tumorem·
1190 2327 1191 2334 ι

153 2390 209 2448 que
224 2389 286 2432 cum
300 2389 315 2430 a
329 2374 395 2450 iquo
411 2374 541 2450 periculo
557 2373 696 2447 subesse,
712 2381 760 2433 aut
777 2381 858 2432 certe
874 2390 980 2452 corpus
996 2375 1168 2451 integrumn

153 2471 209 2512 nou
223 2471 307 2528 esse,
324 2463 444 2515 testatur
457 2454 582 2534 (insu).
605 2456 648 2516 Αι,
657 2458 681 2516 si
697 2457 812 2532 sanquis
824 2466 871 2516 εει
887 2476 941 2535 pus
955 2459 983 2517 in
994 2459 1076 2518 urina
1088 2465 1142 2532 est,

152 2535 199 2594 vel
215 2537 323 2610 vesica,
343 2539 392 2598 vel
408 2555 493 2597 renes
510 2539 667 2599 exulcerati
689 2548 752 2599 sunt
772 2536 867 2618 (Apis.
890 2540 939 2618 lV,
960 2545 1015 2610 75;
1036 2575 1080 2588 —-
1102 2539 1145 2602 ad
1189 2593 1190 2610 ,

151 2617 808 2784 iiltilsltlidlidlt{lablelli
823 2625 1143 2783 riiltziiitlti

152 2794 182 2843 ει
195 2784 268 2845 male
285 2785 362 2860 olet,
376 2795 405 2846 et
419 2787 558 2846 interdum
574 2789 655 2864 quasi
671 2805 804 2865 arenam,
823 2791 961 2852 interdum
977 2793 1060 2871 quasi
1079 2809 1169 2854 san-n
1188 2799 1190 2872 J

151 2869 263 2945 guinem
281 2868 382 2944 trabit,
398 2869 498 2930 dolent
517 2879 610 2931 autem
623 2888 726 2948 coxae,
739 2889 872 2952 quaeque
887 2876 962 2935 inter
974 2876 1027 2936 has
1038 2893 1143 2953 super·
1188 2885 1189 2950 i

152 2969 207 3029 que
229 2951 332 3030 pubem
352 2962 432 3031 εεει,
456 2963 486 3013 ει
508 2954 648 3028 accedunt
674 2955 842 3034 frequentes
863 2968 977 3034 ructus,
1001 2959 1143 3020 interdum

151 3036 272 3096 vomitus
288 3036 418 3112 biliosus,
435 3048 640 3116 extremaeque
657 3049 754 3116 partes
769 3040 947 3118 frigescunt,
963 3043 1064 3104 urinae
1081 3059 1141 3103 crs·

151 3118 202 3178 bra
218 3120 365 3197 cupiditas,
381 3121 434 3181 sod
450 3139 552 3198 magna
567 3121 719 3183 difficultas
734 3132 794 3200 est,
819 3132 848 3183 et
864 3126 940 3202 quod
953 3125 1021 3186 inde
1038 3143 1140 3187 exere

150 3211 209 3260 tum
223 3211 277 3279 est,
294 3220 384 3280 aquae
402 3204 507 3278 simile,
530 3205 578 3265 vel
593 3206 701 3283 ruium,
722 3207 771 3266 vel
788 3207 923 3286 pallidum
941 3219 1001 3285 est,
1025 3210 1169 3288 partums
1187 3225 1188 3230 ’

150 3287 286 3344 tamenin
303 3303 339 3345 eo
355 3286 506 3346 levamenti
524 3298 579 3364 εει,
597 3290 678 3350 alvus
694 3308 763 3350 vero
780 3309 843 3351 curu
857 3293 945 3353 multo
958 3296 1059 3371 spiritu
1076 3293 1140 3354 red·

152 3369 236 3441 ditur,
254 3370 350 3446 utiquo
367 3370 395 3428 in
412 3371 528 3430 renibus
548 3374 642 3433 vitium
659 3382 712 3433 est.
746 3374 785 3434 Ar
805 3377 829 3434 si
845 3376 979 3454 paulatim
999 3376 1140 3458 destillet,

151 3452 198 3511 vel
213 3453 237 3512 si
252 3453 367 3530 sanguis
380 3471 434 3531 per
450 3454 524 3516 hanc
538 3457 639 3532 editur,
658 3466 688 3518 ει
699 3458 728 3518 iu
742 3476 779 3518 eo
790 3459 928 3536 quaedam
940 3470 1060 3521 cruenta
1073 3477 1140 3522 con·
