2444 3904
325 258 527 310 ADNOTATIO
551 259 699 310 cutmen.
967 266 1028 314 xlx

34 435 84 477 rans
96 434 218 490 nusquam
232 435 301 476 voce
321 407 492 494 διάφραγμα
514 419 606 475 utitur.
692 426 736 491 49,
751 427 785 480 22
806 425 922 480 tormina
937 430 1028 480 uetera

34 509 238 573 cssccccpcrunt,
256 503 353 573 Targa.
370 532 412 544 -
436 506 539 559 Vocem
560 510 650 559 cetera
674 520 709 559 ax
731 502 856 576 margine
877 507 1027 578 irrepsisse

14 655 15 660 ἵ
35 587 179 642 manifestum
200 593 256 650 est;
290 587 390 657 ubique
412 587 484 642 enim
507 601 563 642 uox
585 589 701 642 tormina
721 587 884 659 simpliciter
905 608 921 645 a
943 589 1026 646 Celso

14 663 15 668 '
34 677 167 742 usurpatum
189 670 300 741 insuper
316 670 343 725 in
359 677 460 726 vexato
475 672 528 726 hoo
541 671 604 726 loco
616 677 707 727 vetera
723 679 859 750 repugnat
870 673 957 729 uerbo
968 689 1027 729 coe·

30 759 118 824 uruat.
197 759 240 822 49,
252 759 285 812 38
300 755 326 807 si
339 760 367 808 et
379 753 431 808 cibi
445 755 580 824 cupiditas
591 771 645 810 non
655 759 707 824 est,
724 753 823 824 Targa,
838 755 884 825 qui
899 755 925 810 in
939 757 1028 812 notis:

34 836 163 906 „lenticula
180 842 205 892 et
219 837 328 892 videtur
344 837 530 894 redundare.“
545 867 587 879 --
608 839 692 893 Codd.
709 837 779 892 uteo.
796 838 823 908 1,
838 839 900 893 Vat.
913 840 973 893 Vlll
991 841 1029 896 ila

34 921 126 974 hubent:
146 922 169 975 si
180 921 233 976 cili
245 928 269 974 ct
286 921 419 992 cupiditas
433 937 487 976 non
501 926 548 976 est.
581 921 717 978 Particula
730 927 756 975 ct
769 937 823 976 non
839 923 983 992 redundat,
1001 929 1030 977 ut

34 1009 110 1058 censet
123 1005 220 1074 Targa;
250 1004 330 1058 codd.
352 1005 456 1076 antiqui
475 1003 593 1075 vestigia
614 1004 751 1075 genuinae
773 1004 903 1061 lectionis
924 1009 1028 1062 retinu-

35 1092 102 1141 erunt.
122 1088 219 1143 Vocem
234 1087 421 1143 ambulationis
436 1089 567 1144 revocavi
583 1105 618 1144 ex
634 1087 714 1159 llipp.
727 1087 845 1142 Prorrlu.
855 1089 890 1158 ll,
900 1095 943 1155 23,
958 1090 1030 1144 unde

34 1169 146 1226 hiulocus
162 1171 321 1242 desumptus
336 1176 386 1228 est.
421 1172 464 1228 lbi
485 1172 556 1226 enim
578 1171 695 1241 legitur:
721 1163 832 1226 ἐσθίειν
846 1189 875 1226 τε
889 1161 1030 1228 ἀδύνατοι

34 1247 139 1325 γίνονται
153 1243 349 1329 otiosissimos
365 1248 413 1310 καὶ
425 1251 491 1333 τῇσι
506 1245 667 1328 concoloros
682 1251 818 1330 χρῆσθαι.
842 1255 883 1311 Ci.
894 1274 964 1327 quae
981 1274 1030 1312 no-

34 1341 76 1393 tata
88 1343 141 1392 sunt
155 1339 227 1411 adp.
241 1345 285 1406 40,
296 1344 321 1398 7.
399 1344 471 1408 55,7
488 1339 619 1407 aduerso,
634 1339 731 1409 Targa.
744 1367 787 1379 —-
803 1353 900 1394 auerso
915 1339 1030 1411 reposui

35 1436 61 1474 cn
73 1421 152 1492 codd,
166 1423 237 1494 quod
255 1422 348 1478 sensui
361 1423 462 1495 optime
475 1423 618 1493 congruit;
634 1438 686 1478 neo
700 1423 781 1495 capio
793 1424 929 1494 quomodo
939 1424 1030 1493 Targa

35 1503 109 1558 dicere
122 1508 237 1577 potuerit
255 1508 325 1562 hanc
347 1506 493 1562 lectionem
513 1523 576 1562 esse
592 1507 758 1562 mendosam.
838 1513 887 1578 156,
905 1512 972 1564 2-4
994 1506 1030 1560 In

36 1587 113 1642 morbis
130 1591 208 1662 longis
224 1631 300 1646 .....
323 1592 445 1662 quumvis
459 1592 524 1660 jam
545 1598 571 1644 et
589 1592 621 1644 iis
641 1593 759 1660 spatium
778 1591 888 1661 aliquuod
907 1594 1030 1658 occessit,

14 1737 15 1742 ἵ
36 1672 57 1722 in
66 1675 136 1727 ocutis
146 1687 247 1744 quoque
264 1674 423 1744 quibusdum
435 1675 460 1729 si
468 1681 493 1729 et
504 1676 590 1729 leucri
603 1688 703 1745 corpus
716 1673 800 1740 debet,
812 1675 910 1744 Targa.
923 1703 964 1715 —
980 1673 1031 1728 Hic

37 1752 96 1808 locus
113 1757 174 1812 miro
190 1759 272 1814 modo
289 1775 304 1813 a
320 1753 629 1830 librariis'depravatus
652 1763 709 1819 est:
736 1757 801 1829 quid
818 1757 889 1812 enim
909 1759 963 1813 sihi
980 1773 1031 1812 vo-

37 1835 74 1890 luit
87 1837 171 1896 Celsus
191 1842 324 1896 dicendo:
348 1843 376 1896 in
392 1842 491 1897 morbis
505 1843 591 1913 longis
662 1844 783 1911 quamuis
797 1842 861 1911 jam
876 1847 901 1895 ct
917 1843 949 1895 iis
963 1857 1029 1910 spu·

14 1953 17 1994 ¹.
38 1921 85 1974 tium
97 1925 193 1994 olu'quod
206 1927 340 1980 occessit?
363 1925 524 1981 Emendatio
539 1925 683 1980 manifesta
698 1942 791 1980 omnes
809 1925 879 1994 fugit
897 1924 1030 1995 editores,

39 2005 191 2071 quodetiam:
212 2008 304 2065 omnia
317 2011 387 2064 bene
402 1999 544 2064 habeut'si
560 2010 644 2064 verba
661 2014 889 2080 transponuntur;
911 2008 1031 2077 ideoque

38 2089 144 2154 particula
158 2099 181 2146 et
195 2094 305 2148 minimo
321 2093 469 2163 redundat,
484 2100 514 2148 ut
530 2094 619 2163 Terga
636 2093 783 2148 arbitratus
801 2098 851 2146 est.
938 2096 983 2158 57,
998 2095 1032 2148 26

43 2168 79 2224 lul
86 2174 159 2230 maluo
168 2176 278 2232 decocto
289 2178 323 2231 sit
332 2175 379 2245 [si,
392 2177 559 2245 reprimendi
568 2191 664 2245 correo,
676 2191 713 2230 ccc
725 2176 869 2246 uerbenis),
883 2175 981 2242 Tange.
990 2201 1032 2212 -

39 2250 99 2318 „Hoc
109 2261 244 2316 membrum
257 2259 297 2327 [si
304 2259 475 2328 ...uerbenisJ
487 2259 629 2332 insititium
642 2275 704 2313 esse
715 2264 792 2328 puto,
805 2257 902 2326 etquia
915 2261 1031 2310 mutatur

16 2409 17 2414 ἵ
39 2343 175 2398 constructio
194 2351 220 2399 et
235 2344 300 2415 quia
316 2344 407 2414 agitur
425 2343 458 2397 de
474 2344 537 2397 alvo
554 2341 678 2396 ducenda
691 2382 697 2394 .
762 2340 800 2395 ita
812 2345 840 2393 ut
853 2339 1031 2410 reprimentia

41 2417 159 2480 locumhic
173 2428 276 2483 habere
293 2443 347 2481 non
362 2425 490 2497 possint“
507 2426 607 2495 Targa,
624 2424 667 2478 oui
683 2423 765 2495 plane
779 2422 916 2486 assentio;
939 2421 1032 2491 itaque

39 2501 81 2556 hoc
93 2511 221 2565 menbrum
236 2510 344 2566 sustuli.
371 2509 523 2564 Notandum
540 2514 582 2564 est
598 2513 743 2579 praeterea
756 2523 816 2580 oum
826 2504 991 2576 Morgagnio
1005 2503 1031 2559 in

39 2587 85 2641 cod.
103 2590 210 2650 Foroliu.
243 2609 328 2665 supra
350 2609 447 2648 vocem
468 2595 522 2648 leni
542 2586 645 2665 (1.25)
671 2583 802 2662 scriptum
830 2605 892 2645 esso
917 2587 1035 2646 leniendi

38 2683 112 2728 crunno.
186 2684 228 2748 59,
241 2683 277 2737 34
291 2678 429 2742 siminus,
446 2679 551 2747 Targa,
568 2691 628 2730 cum
644 2675 725 2730 codd.
738 2675 807 2729 illed.
822 2673 833 2727 1
850 2674 878 2727 ¹ct
893 2670 1032 2738 Vatvlll,

37 2779 68 2794 -
80 2759 154 2813 mirus
168 2762 253 2828 ceteri
275 2761 357 2816 codd.
375 2765 403 2815 et
417 2761 495 2823 edd.;
520 2762 563 2815 sin
581 2761 670 2813 miurus
684 2757 742 2828 legi
758 2773 818 2811 curn
834 2755 908 2810 Lind.
937 2755 972 2811 cl.
987 2770 1031 2807 ex.

18 2909 19 2916 ,
38 2849 70 2901 tt·
82 2855 105 2908 t·
117 2847 169 2912 207,
179 2850 226 2909 ‘tt;
242 2848 304 2914 2263
319 2849 358 2903 17.
432 2849 475 2913 60,
487 2849 504 2902 8
515 2849 603 2913 potest
618 2842 753 2896 ducenties
766 2839 839 2906 [csse
849 2837 1033 2910 faciendum),

18 2917 19 2926 ’
39 2915 116 2990 Targa.
130 2953 166 2965 —
186 2928 227 2983 Ex
240 2933 372 2984 contextu
386 2926 559 2982 manifestum
575 2926 721 2979 membrum
737 2938 796 2978 csse
813 2922 971 2993 faciendum
991 2920 1034 2973 in-

19 3047 20 3076 ,
39 3008 109 3070 aptum
123 3024 179 3064 osse
193 3013 342 3081 glossema.
414 3015 484 3079 61,7
502 3011 543 3066 uel
555 3012 583 3063 itt
598 3009 650 3062 olto
667 3007 766 3074 [mori‚
781 3008 867 3076 nond,
882 3004 981 3078 Targa.
992 3029 1035 3040 ·-

19 3077 20 3136 3
39 3080 90 3147 Quis
104 3107 151 3147 non
167 3095 241 3150 uidet
258 3111 342 3150 voces
360 3096 434 3148 mori
451 3095 516 3150 ccci
533 3093 653 3163 ineptam
667 3106 730 3147 esse
747 3089 951 3145 adnotationem
964 3102 1035 3142 mar⁴

40 3170 83 3235 gini
101 3165 276 3248 adscriptam?
309 3177 366 3232 Neo
385 3177 461 3233 uolui
485 3193 552 3231 sane
574 3176 647 3229 mori
675 3189 736 3230 cum
756 3172 875 3228 Kreusio
895 3172 1032 3232 retinere:

20 3259 22 3326 t
41 3249 115 3310 Celsus
130 3261 201 3314 enim
211 3258 284 3334 (cap.
302 3257 348 3332 18)
366 3277 442 3316 mone
457 3261 612 3315 Latinorum
626 3260 679 3313 clto
693 3272 745 3329 pro
761 3255 870 3311 nomino
885 3253 980 3309 utitur.

20 3329 23 3428 i
41 3337 93 3402 iti
105 3343 159 3409 sict,
172 3345 268 3414 Targa.
280 3375 322 3385 —
336 3347 351 3401 s
364 3346 425 3400 Vat.
435 3344 508 3412 Vlll,
524 3347 586 3398 suut
596 3341 695 3411 Medi,
711 3355 799 3409 eaque
811 3355 877 3394 vera
888 3334 1034 3400 estlectio,

21 3429 22 3476 t
41 3416 67 3470 ti·
81 3437 141 3491 quae
155 3442 235 3498 supra
252 3427 332 3499 posui
352 3428 386 3482 ad
405 3432 549 3499 p.10,21.
641 3431 685 3492 62,
701 3429 734 3482 13
756 3429 782 3476 et
800 3420 867 3476 alibi
883 3424 1033 3483 marterum,

22 3535 23 3538 ¹
42 3512 82 3557 l¹0¹¹
94 3514 224 3580 myrtetum
243 3528 301 3568 cum
315 3511 395 3568 libris
409 3511 519 3583 optimis
532 3509 605 3566 dedi.
637 3508 703 3562 item
718 3503 914 3640 mgrrlua,bn*oo
929 3499 1035 3555 mirrlaa
