2444 3904
329 705 374 777 Α.
403 641 647 780 coaunmr
673 686 822 781 omer

181 871 446 958 aaaron
477 817 682 956 crana
713 876 964 984 saxeus

531 1049 610 1088 IDEM

345 1175 601 1244 MEDICINAE
624 1178 800 1244 PRIMUS.

498 1328 646 1338 -----.

436 1447 703 1510 PROOEMIUM.

79 1566 244 1630 Conspectus
260 1565 379 1615 historiae
392 1567 540 1616 medicinae.
569 1566 637 1624 Quae
650 1568 712 1616 ratio
725 1566 863 1615 medicinae
875 1566 1005 1630 potissima
1019 1568 1058 1616 sit.

128 1729 171 1788 Ut
196 1730 329 1790 alimenta
350 1733 426 1794 sanis
449 1735 620 1814 corporibus
639 1735 839 1812 Agricultura,
862 1734 904 1792 sic
920 1735 1068 1794 sanitatem

62 1815 168 1890 aegris
192 1812 335 1874 Medicina
354 1820 501 1894 promittit.
533 1819 613 1878 llaec
635 1837 773 1898 nusquam
796 1818 909 1896 quidem
931 1835 987 1876 non
1009 1828 1069 1877 est:

38 1898 214 1996 ,siquidem
232 1901 315 1958 etiarn
329 1901 559 1978 imperitissimae
575 1913 679 1980 gentes
695 1904 817 1976 herbas,
840 1902 953 1980 aliaque
975 1919 1069 1980 prom·

65 1991 92 2040 ta
115 1984 145 2040 in
175 1981 315 2042 auxilium
329 1985 479 2046 vulnerum
510 1988 732 2065 morborumque
760 1996 910 2046 noverunt.
950 1985 1069 2046 Verum-

64 2074 164 2124 tamen
186 2068 262 2145 apud
285 2067 414 2134 Graecos
435 2072 581 2149 aliquanto
602 2073 709 2148 magis,
736 2088 819 2148 quam
845 2070 872 2127 in
895 2072 1001 2130 ceteris
1021 2088 1069 2129 na·

63 2149 213 2226 tionibus,
232 2152 347 2212 exculta
363 2165 422 2223 est;
448 2174 483 2214 ac
500 2175 536 2214 ne
555 2157 630 2232 apud
654 2157 707 2214 lios
729 2155 842 2231 quidem
864 2171 880 2212 a
902 2155 991 2230 prima
1013 2157 1069 2213 ori-

64 2236 162 2310 gine,
176 2235 230 2294 sed
246 2233 354 2312 paucis
352 2249 427 2297 ante
443 2256 497 2298 nos
519 2239 660 2326 saeculis;
681 2247 781 2317 utpote
804 2255 888 2314 quum
909 2239 1068 2296 vetustissi-

31 2337 131 2387 murus
153 2329 258 2378 auctor
283 2320 477 2401 Aesculapius
506 2304 682 2382 celebretur.
720 2321 791 2394 Qui,
819 2322 951 2398 quoniam
977 2322 1069 2380 adbuc

69 2402 171 2461 rudem
187 2413 216 2462 et
231 2405 381 2481 vulgarem
397 2408 470 2466 hanc
495 2408 642 2466 scientiam
666 2405 752 2482 paulo
776 2403 906 2464 subtilius
930 2405 1068 2479 excoluit,

68 2487 98 2544 in
113 2484 242 2546 Deorum
255 2507 401 2549 numerum
419 2499 558 2570 receptus
570 2499 624 2550 eat.
649 2489 740 2566 Hujus
753 2487 856 2550 deinde
869 2487 925 2547 duo
939 2488 1000 2563 filii,
1015 2489 1069 2548 Ρο-

65 2569 187 2636 dalirius
210 2581 241 2632 et
260 2573 415 2651 Machaon,
450 2575 528 2635 bello
551 2575 676 2650 Trojano
704 2575 807 2634 ducem
826 2571 1070 2649 Agamemnonem

64 2658 195 2733 sequuti,
214 2675 272 2716 non
287 2660 463 2718 mediocrem
478 2678 565 2738 opem
578 2658 817 2719 commilitonibus
832 2659 891 2716 suis
904 2658 1068 2717 attulerunt.

28 2761 53 2802 rs
65 2738 150 2812 Quos
166 2750 265 2800 tamen
278 2742 419 2802 Homerus
433 2743 514 2823 (ll),
530 2763 587 2804 non
599 2747 626 2803 in
638 2743 814 2822 pestilentia,
833 2743 950 2819 neque
942 2761 970 2800 m
982 2744 1069 2800 variis

62 2825 228 2899 generibus
244 2826 409 2886 morborum
428 2829 536 2906 aliquid
551 2829 682 2888 attulisse
698 2826 811 2901 auxilii,
834 2826 887 2884 s‘ed
903 2826 1069 2884 vulneribus

63 2909 266 2968 tantummodo
283 2907 362 2970 ferro
378 2921 408 2971 et
424 2913 640 2972 medicamentis
656 2911 766 2972 mederi
782 2911 883 2969 solitos
901 2928 985 2985 esse,
1002 2926 1068 2987 pro·

62 2995 176 3069 posuit.
199 2992 246 3052 Ex
258 3011 315 3072 quo
329 3006 460 3074 apparet,
473 2996 525 3056 has
539 2991 638 3076 partes
647 2997 805 3070 medicinae
818 2993 897 3053 solas
909 2993 945 3053 ab
954 2995 988 3053 iis
1002 3010 1069 3052 ease

62 3084 219 3154 tractatas,
232 3096 341 3156 easque
355 3098 421 3139 esse
433 3083 652 3141 vetustissimas.
681 3079 850 3156 Eodemque
865 3087 984 3138 auctore
997 3077 1069 3140 disci

28 3179 53 3219 ac
62 3170 179 3238 potest,
194 3161 313 3222 morbos
323 3173 383 3223 turn
391 3165 446 3224 ad
438 3183 508 3224 iram
520 3165 647 3224 Deorum
658 3163 856 3224 immortalium
868 3162 976 3221 relatos
991 3180 1069 3238 esse,

19 3314 22 3323 Δ
62 3245 142 3305 etab
156 3246 261 3304 nedem
273 3263 357 3326 opem
371 3266 454 3328 posci
448 3250 589 3309 solitam
606 3249 734 3326 Verique
747 3247 838 3306 simile
850 3255 910 3322 est
925 3246 1069 3306 intercul-

62 3327 90 3387 la
109 3329 221 3390 auxilia
236 3331 378 3392 adversae
393 3333 577 3408 valetudinis,
593 3333 763 3410 plerumque
778 3341 873 3390 tamen
889 3348 951 3391 eam
964 3332 1069 3391 bonam

62 3415 231 3510 contigisse
244 3415 281 3474 ob
294 3416 388 3476 bonos
400 3434 508 3492 moras,
526 3434 599 3495 quos
610 3434 705 3494 neque
716 3413 836 3513 desidia,
849 3432 943 3492 neque
958 3415 1069 3475 luxuria

1 3531 2 3572 t
65 3497 219 3557 vitiarant.
232 3500 373 3578 siquidem
383 3503 457 3561 haec
466 3502 534 3577 duo,
548 3516 684 3578 corpora,
697 3502 775 3578 prius
785 3501 814 3558 in
823 3497 956 3575 Graecia,
965 3497 1069 3558 deinde

1 3590 2 3638 t
110 3595 209 3638 cussus
221 3605 239 3644 1.
898 3583 911 3640 l
