2392 3906
159 177 199 238 76
451 188 852 238 compensarem

158 344 250 420 tibus,
273 344 350 404 scire
367 342 436 402 licet
455 344 634 420 increscere,
656 343 680 402 si
696 360 812 403 somnus
826 346 952 404 incertus
972 350 1032 417 est,
1053 343 1077 402 si
1089 340 1127 402 de·

158 429 248 488 terior
263 427 435 502 concoctio,
450 429 474 486 si
489 426 658 487 foetidiores
672 426 861 504 dejectiones,
879 429 902 486 si
914 427 1021 488 tardior
1032 443 1129 500 seusus,
1172 459 1173 488 r

158 512 182 570 si
198 510 309 590 pigrior
324 528 423 585 mens,
447 510 472 568 si
496 511 636 589 percurrit
652 527 758 588 corpus
773 510 865 587 frigus
881 522 927 573 aut
949 510 1045 584 calor,
1067 511 1090 568 si
1109 507 1130 568 id

158 595 249 670 magis
271 593 368 670 pallet.
398 593 441 654 Ea
456 611 542 670 vero,
564 611 637 671 quae
654 594 795 655 contraria
817 594 862 655 his
879 603 958 671 sunt,
979 593 1131 654 decedentis

158 678 222 752 ejus
238 684 323 736 notae
339 685 412 736 sunt.
444 677 561 736 Praeter
575 676 649 737 haec
670 679 699 736 in
720 679 810 737 acutis
824 678 932 738 morbis
948 678 1039 738 serius
1056 693 1146 754 aegero

159 759 278 820 alendus
296 769 355 838 est,
372 778 427 820 nec
444 761 498 818 nisi
507 761 567 835 jam
582 761 738 820 inclinatis:
762 770 792 820 ut
812 762 907 841 primo·
921 761 1014 822 demta
1029 761 1133 820 materia

157 846 291 922 impetum
312 843 441 921 frangat:
470 844 499 902 in
519 843 614 920 longis
636 845 786 920 maturius,
812 854 841 904 ut
862 846 1002 906 sustinere
1026 844 1133 922 spatium

157 928 286 988 affecturi
307 926 372 986 mali
390 926 490 1004 possit.
522 925 568 986 Ac
588 928 743 1006 siquando
763 929 787 986 is
805 945 861 988 non
883 931 911 988 in
927 937 988 989 toto
1011 943 1133 1006 corpore,

156 1010 258 1071 sedin
280 1018 361 1088 parte
378 1018 436 1080 est;
461 1011 552 1087 magis
577 1019 671 1070 tamen
693 1011 803 1070 adrem
827 1015 966 1090 pertinet,
987 1014 1045 1071 uim
1060 1011 1133 1071 totius
1173 1055 1174 1064 ,

157 1095 291 1171 corporis
315 1093 423 1165 moliri,
448 1111 531 1171 quam
552 1097 670 1172 proprie
687 1095 902 1174 (proprisset)
928 1096 1018 1175 partis
1039 1104 1153 1171 aegraeu

157 1179 304 1237 sanitatem
320 1176 375 1254 (cf.
390 1175 454 1252 vit,
472 1178 518 1255 3).
546 1177 664 1246 Multum
681 1181 765 1238 etiam
780 1181 917 1254 interest,
935 1179 971 1240 ab
988 1181 1068 1239 initio
1083 1177 1134 1255 quis

155 1268 236 1320 recte
252 1268 366 1319 curatus
377 1260 423 1334 sit,
437 1277 472 1318 an
486 1278 652 1340 perperam:
669 1263 734 1339 quia
747 1264 855 1322 curatio
866 1265 958 1322 minus
969 1264 1004 1322 iis
1017 1261 1134 1344 prodest,

155 1343 185 1402 in
200 1341 302 1421 quibus
323 1341 436 1402 assidue
451 1343 555 1404 trustra
569 1344 631 1404 iuit.
663 1345 693 1404 Si
708 1346 771 1424 quis
787 1353 894 1406 temera
909 1346 1040 1422 babitus,
1055 1344 1135 1406 adbuc
1173 1367 1174 1412 q

156 1426 276 1502 integris
294 1425 402 1485 uiribus
417 1427 500 1504 vivit,
524 1427 636 1487 admota
654 1430 800 1490 curatione
820 1439 964 1490 momento
978 1430 1132 1490 restituitur.
1172 1413 1174 1484 i

217 1509 275 1569 Sed
297 1527 381 1588 quum
403 1509 438 1570 ab
462 1512 497 1570 iis
520 1512 665 1590 coeperim
683 1511 735 1591 (11,
750 1513 805 1590 2),
826 1531 900 1592 quae
915 1522 998 1575 notas
1013 1511 1153 1594 quasdant

154 1593 265 1653 iuturae
292 1593 432 1654 adversae
457 1595 625 1655 valetudinis
648 1595 798 1672 exhibent,
831 1598 1006 1657 curationum
1032 1609 1133 1676 quoque

155 1676 324 1755 principium
340 1676 375 1737 ab
387 1678 633 1738 animadversione
651 1679 778 1754 ejusdem
794 1682 932 1757 temporis
949 1681 1061 1742 faciam.
1086 1677 1132 1754 lqi·

36 1758 46 1773 ¹
121 1837 127 1850 ²
154 1769 200 1820 tur
214 1759 317 1838 siquid
332 1777 370 1819 ex
386 1761 430 1837 iis,
446 1779 518 1840 quae
531 1764 680 1841 proposita
692 1772 765 1838 sunt,
783 1762 889 1839 incidit,
904 1765 1026 1824 omnium
1041 1764 1133 1842 optima
1173 1803 1174 1840 ,

156 1851 220 1902 sunt
236 1845 317 1921 quies
332 1852 361 1926 et
375 1843 560 1914 abstinentia;
583 1845 690 1923 siquid
708 1845 861 1906 bibendum
876 1856 936 1923 est,
953 1865 1041 1926 aqua:
1060 1845 1132 1923 idque
1173 1853 1174 1874 ³

154 1925 293 1987 interdurn
305 1943 361 1986 uno
373 1925 419 1985 die
431 1927 492 1989 deri
507 1930 576 1988 satis
591 1938 649 1996 est;
667 1930 814 2006 interdum,
830 1931 854 1989 si
872 1935 1007 1992 terrentia
1021 1935 1153 2002 manente

154 2009 258 2070 biduo:
276 2011 466 2089 proximeque
484 2011 681 2072 abstinentiam
695 2014 848 2074 sumendus
860 2023 904 2073 est
917 2013 997 2074 cibus
1012 2017 1132 2090 exiguus,
1174 2015 1175 2050 t

154 2092 278 2154 bibenda
294 2111 381 2172 aqua;
407 2103 526 2173 postero
549 2094 595 2154 die
617 2097 701 2156 etiam
715 2099 826 2166 vinum;
847 2096 950 2158 deinde
964 2099 1087 2158 invicem
1101 2093 1132 2154 al·

153 2178 242 2238 ternis
252 2176 362 2255 diebus,
377 2176 462 2238 modo
476 2197 565 2258 aqua,
581 2179 666 2240 modo
679 2181 772 2240 vinum
785 2181 839 2263 (ci.
852 2179 876 2258 1,
891 2181 937 2261 4),
951 2181 1045 2242 donec
1055 2178 1132 2241 omnis

154 2279 258 2321 causae
278 2270 370 2321 metus
391 2263 511 2324 finiatur.
541 2262 597 2323 Per
618 2262 691 2326 baec
712 2267 786 2325 enim
810 2282 899 2342 saepe
917 2267 1024 2325 instans
1048 2261 1133 2342 grauis

153 2345 269 2405 morbus
293 2346 450 2410 discutitur.
482 2344 653 2424 Plurimique
673 2347 823 2424 falluntur,
845 2346 911 2407 dum
931 2366 964 2408 se
982 2350 1075 2428 primo
1094 2345 1153 2405 diet⁵

153 2431 284 2506 protinus
301 2428 464 2489 sublaturos
480 2429 650 2506 languorem
667 2439 714 2489 aut
729 2431 948 2507 exercitatione,
964 2442 1011 2492 aut
1027 2433 1132 2502 balneo,

153 2519 201 2570 aut
216 2518 318 2570 coacta
333 2511 507 2586 dejectione,
525 2520 572 2571 aut
587 2513 705 2588 vomitu,
722 2522 768 2574 aut
784 2513 995 2593 sudationibus,
1012 2525 1060 2576 aut
1075 2515 1131 2573 rinc

152 2599 278 2669 sperant.
310 2592 376 2651 Non
392 2611 448 2671 qno
463 2611 521 2651 uon
536 2594 675 2654 interdum
694 2596 722 2655 id
738 2595 855 2674 incidat,
877 2599 929 2658 sed
949 2617 1006 2677 quo
1028 2598 1132 2677 saepius

151 2673 240 2752 fallat,
258 2674 377 2754 solaque
392 2675 562 2735 abstinentia
577 2678 639 2735 sine
654 2677 714 2738 ulio
729 2681 859 2758 periculo
874 2683 1036 2752 medentum
1060 2695 1132 2764 quum

152 2759 320 2836 praesertim
340 2760 423 2817 etiam
445 2777 499 2836 pro
519 2759 604 2818 modo
628 2765 748 2822 terroris
770 2764 913 2826 moderari
935 2766 1039 2835 liceat;
1066 2775 1092 2828 et
1110 2760 1152 2822 siu

151 2841 262 2902 leviora
280 2840 381 2900 indicia
395 2841 510 2916 inerint,
529 2845 597 2902 satis
612 2846 648 2903 sit
663 2863 680 2904 a
694 2848 760 2906 vino
776 2857 881 2908 tantum
893 2847 1047 2926 abstinere,
1066 2843 1130 2929 quod

151 2925 325 2984 subtractum
348 2924 429 3003 plus,
452 2942 542 3003 ,quarn
564 2929 588 2988 si
615 2927 681 2988 cibo
711 2930 776 3008 quid
796 2930 937 3009 dematur,
961 2933 1088 3009 adjuvat:
1111 2927 1130 2988 ti

151 3007 236 3086 paulo
258 3008 407 3084 graviora,
430 3025 486 3068 nco
510 3027 611 3087 aquam
632 3020 738 3073 tantum
754 3013 872 3092 bibere,
896 3016 948 3076 sed
970 3019 1054 3078 etiam
1074 3014 1129 3075 cibo

151 3107 265 3150 carnem
280 3090 461 3160 subtrahere;
481 3093 621 3154 interdum
638 3099 848 3177 panisquoque
863 3099 971 3176 miuus,
989 3097 1071 3179 quam
1084 3111 1128 3179 pru

151 3174 356 3233 consuetudine
379 3193 540 3253 assumere,
561 3177 733 3258 humidoque
750 3181 815 3242 cibo
829 3200 899 3242 esse
915 3192 1087 3259 commatum,
1106 3186 1151 3239 ete
1174 3173 1175 3178 ἵ

152 3256 232 3324 ciere
251 3259 442 3336 potissimum:
467 3262 594 3338 satisque
611 3263 664 3339 sit,
687 3273 754 3324 tunc
770 3283 807 3325 ex
821 3274 884 3325 tcto
901 3284 917 3325 a
933 3267 1012 3344 cibo,
1029 3286 1045 3328 a
1060 3269 1127 3334 vino,

151 3339 186 3399 ab
210 3342 284 3401 omni
314 3351 392 3402 motu
424 3346 556 3421 corporis
585 3345 747 3424 abstinere,
774 3365 857 3426 quum
879 3349 1064 3412 vehementes
1085 3363 1125 3409 no·

149 3433 196 3484 tae
218 3432 388 3486 terruerunt.
418 3423 519 3504 Neque
536 3427 649 3490 dubium
665 3440 726 3507 est,
751 3432 818 3509 quin
835 3431 884 3492 vix
906 3435 1068 3514 quisquam,
1087 3428 1126 3510 qui
