2372 3892
344 205 713 258 mmmmm
851 213 862 224 ’
962 199 1024 261 w

18 359 163 441 tiphoea,
186 362 278 437 majos
298 361 327 420 in
349 378 433 422 mann
453 379 538 440 qnam
562 365 591 423 in
611 363 825 424 medicamentis
851 367 1025 444 praesidium
1080 335 1086 342 Ι

20 454 91 506 εει;
107 446 257 524 minusque
273 462 383 523 operae
401 453 462 521 est,
481 449 505 506 si
521 448 573 508 snb
596 456 662 507 cute
683 457 867 509 transversae
885 450 1024 526 teruntur,

17 547 114 610 quam
135 531 161 588 si
185 530 382 589 rectaeintus
396 529 523 590 tendunt.
550 531 651 609 Igitur,
667 533 692 590 si
709 532 761 592 sub
777 541 843 592 oute
859 541 1025 594 transversa
1105 555 1109 565 ¹

18 613 125 672 ilstola
150 621 210 687 est,
237 611 347 673 demitti
372 613 524 690 specillum
550 614 654 691 debet,
677 633 822 694 supraque
844 616 872 676 id
888 635 922 676 ea
938 617 1024 677 incidi

22 696 77 773 (P.
96 696 174 772 Aeg.
193 695 246 773 vl,
263 697 330 774 77).
358 697 389 756 Si
406 697 500 757 lienus
514 700 726 778 reperiuntur,
750 698 778 759 hl
798 718 916 779 quoqne
941 702 1023 762 simul

22 779 157 858 specillo
175 788 205 838 et
225 780 304 839 terro
329 780 523 859 persequendi
544 791 624 842 sunt:
646 783 780 860 idemque
797 784 976 859 iaciendum,
1000 787 1024 843 si

21 863 130 942 plures
146 881 179 922 se
196 865 278 940 quasi
292 863 393 924 ramuli
408 864 569 926 ostendunt.
593 866 654 927 -Ubi
671 866 706 926 ad
726 868 799 926 lines
820 868 932 928 listulas
956 885 1024 926 ren·

22 956 88 1008 tum
105 955 165 1023 est,
182 946 361 1008 excidendus
379 963 416 1007 ex
431 963 466 1008 ea
477 957 554 1008 totus
570 950 661 1010 callus
677 959 739 1025 est,
757 967 903 1030 superque
918 950 1024 1012 inbulae

25 1029 154 1106 dandae,
173 1039 202 1090 et
218 1030 465 1106 medicamentum,
482 1051 538 1110 quo
554 1033 720 1110 glutinetur.
736 1033 775 1094 m
791 1035 815 1094 si
829 1044 910 1096 reeta
926 1035 1025 1095 subter

10 1113 137 1190 'tendit‚
157 1113 222 1190 ubi,
243 1131 299 1193 quo
315 1117 437 1176 maxime
453 1116 544 1192 leret,
561 1117 684 1196 specillo
700 1117 880 1197 exploratum
897 1127 957 1194 est,
976 1113 1025 1178 ex·

22 1197 86 1258 cidi
107 1198 134 1257 is
154 1199 232 1257 sinus
253 1197 354 1258 debet:
372 1197 437 1258 dein
459 1200 545 1260 libula
567 1202 626 1261 oris
649 1203 721 1261 cutis
742 1201 895 1276 injicienda
918 1209 978 1278 est,
997 1212 1026 1261 et

21 1297 126 1360 aeque
139 1279 309 1357 glutinantia
324 1281 531 1344 medicamenta
550 1284 732 1363 superdanda
744 1294 824 1354 sunt;
843 1295 901 1362 ant,
921 1286 945 1345 si
962 1301 1025 1344 eor·

20 1373 145 1443 ruptum
162 1365 245 1425 ulcus
261 1373 323 1443 est,
338 1367 417 1445 quod
431 1367 571 1428 interdum
588 1385 657 1428 osse
673 1369 772 1429 'vitiato
789 1369 831 1446 lit,
846 1369 894 1429 ubi
910 1368 939 1428 id
954 1385 1024 1447 quo·

23 1465 85 1528 que
102 1455 230 1508 curatum
246 1458 306 1526 est,
323 1467 378 1528 pus
395 1453 550 1512 moventia.
758 1447 785 1478 '¹

10 1549 15 1589 t
92 1532 125 1593 2.
143 1531 245 1592 Solent
259 1542 353 1593 autem
365 1535 441 1594 iuter
456 1544 554 1596 costas
566 1535 680 1596 bstnlae
694 1535 792 1596 subter
806 1537 860 1595 ire.
880 1535 963 1610 Quod
978 1535 1025 1595 ubi

23 1615 146 1692 incidit,
165 1633 200 1676 eo
223 1616 291 1676 loco
308 1626 389 1678 costa
405 1617 441 1678 ab
456 1628 577 1698 utraque
597 1629 681 1698 parte
699 1620 893 1698 praecidenda
914 1628 943 1678 ει
965 1620 1024 1678 exi-

23 1700 133 1761 menda
148 1708 202 1777 est,
217 1717 254 1759 ne
273 1701 340 1778 quid
357 1701 433 1762 intus
451 1713 617 1782 corruptum
632 1703 818 1782 relinquatur.
847 1703 960 1780 Solent,
976 1702 1025 1761 ubi

21 1793 129 1844 cretas
141 1785 330 1860 transierunt,
346 1793 459 1863 septum
469 1786 515 1862 id,
532 1787 608 1866 qnod
623 1796 821 1848 transuersum
836 1805 852 1847 a
870 1787 1024 1864 superiori·

27 1867 83 1928 bus
100 1867 265 1928 visceribus
283 1870 416 1929 intestina
432 1869 588 1948 discernit,
605 1871 726 1931 violare.
760 1870 844 1948 Quod
860 1869 981 1947 intelligi
997 1879 1026 1928 et

10 1963 67 2012 tex
79 1950 166 2026 loeo,
182 1960 211 2011 ει
228 1970 266 2011 ex
282 1953 474 2029 magnitudine
489 1954 601 2015 doloris
623 1963 733 2034 potest:
758 1964 787 2014 et
810 1955 875 2033 quia
890 1970 1036 2014 nonnum·-

27 2052 117 2114 quam
132 2035 250 2114 spiritus
266 2054 300 2095 ea
316 2055 380 2096 cum
398 2038 517 2098 humore
534 2041 615 2118 quasi
630 2039 756 2099 bullante
774 2040 947 2118 prorumpit;
968 2054 1024 2097 nna·
1114 2095 1122 2108 ,
1174 2053 1175 2098 3

28 2121 182 2196 ximeque,
203 2121 227 2178 si
245 2119 321 2179 hunc
338 2137 390 2180 ore
408 2121 457 2180 ille
475 2124 622 2182 continuit.
651 2121 683 2183 ln
701 2138 737 2181 eo
761 2121 920 2182 medicinae
942 2120 1026 2180 loeus

26 2202 128 2262 nullus
144 2210 198 2262 εει.
228 2202 261 2262 ln
278 2206 384 2264 ceteris
402 2221 484 2283 vero,
501 2223 575 2285 qnae
591 2207 669 2266 circa
683 2215 779 2266 costas
795 2204 934 2264 sanabilia
949 2211 1024 2277 sunt,

29 2287 149 2364 pinguia
164 2286 371 2348 medicamenta
386 2290 497 2349 ininnica
520 2300 598 2359 sunt:
618 2291 741 2366 ceteris,
762 2305 835 2368 qnae
855 2285 890 2346 a'd
905 2287 1025 2345 vulnera

11 2371 295 2446 neccommodantur,
310 2373 350 2431 uti
367 2373 451 2442 lieet;
467 2375 575 2450 optime
590 2383 684 2434 tannen
697 2375 775 2434 sicca
788 2373 949 2447 linamenta,
966 2369 1024 2446 vel,

30 2455 53 2514 sl
71 2455 252 2532 purgandum
266 2456 373 2534 aliquid
390 2455 517 2532 videtur,
535 2460 563 2517 in
577 2458 665 2517 melle
681 2458 770 2517 tincta
784 2458 976 2535 imponuntur.

93 2537 126 2600 3.
143 2539 245 2598 Ventri
259 2539 365 2600 nullum
378 2558 412 2601 os
429 2540 543 2609 subest:
563 2541 614 2602 sed
630 2541 667 2601 ibi
682 2541 863 2618 perniciosae
875 2538 1025 2600 admodum

30 2622 146 2682 listulae
166 2623 248 2690 linum
271 2623 344 2682 adeo
364 2633 394 2684 ut
414 2625 561 2685 Sostratus
581 2625 756 2686 insanabiles
777 2643 845 2686 esse
861 2622 1024 2684 crediderit.

29 2704 61 2765 ld
76 2723 137 2766 non
152 2724 191 2768 ex
203 2715 265 2766 toto
281 2708 319 2767 ita
337 2725 369 2767 se
384 2707 493 2769 habere
508 2727 576 2769 rusus
592 2710 725 2770 ostendit.
750 2709 787 2770 Et
803 2709 934 2788 quidem,
949 2705 1025 2786 quod

11 2791 156 2849 onesimo
174 2793 273 2850 mirum
291 2791 383 2852 videri
404 2801 519 2871 potest,
546 2797 631 2855 tutior
652 2795 746 2855 listula
765 2802 808 2853 est
826 2801 925 2854 eontra
941 2794 1025 2867 jecur

32 2881 61 2932 et
80 2873 189 2933 lienem
205 2883 233 2934 et
254 2875 458 2953 ventriculum,
483 2895 565 2956 quam
588 2887 688 2938 eontra
703 2879 859 2938 intestina:
886 2891 943 2932 non
967 2889 1024 2950 quo

31 2959 229 3034 perniciosior
255 2958 294 3018 ibi
320 2961 372 3036 sit,
399 2961 451 3020 sed
475 2978 532 3038 quo
555 2962 637 3021 alteri
657 2961 789 3040 periculo
812 2960 907 3019 locum
928 2956 1023 3015 iaciat.

33 3037 124 3115 Cujus
142 3045 342 3121 experimento
358 3046 427 3104 moti
445 3043 559 3122 quidam
575 3054 711 3104 auctores
732 3061 830 3120 parurn
854 3040 967 3100 modum
982 3042 1025 3101 rei

33 3135 245 3201 cognoverunt.
274 3125 346 3186 Nam
365 3136 465 3187 venter
481 3145 571 3206 saepe
588 3130 671 3188 etiarn
686 3126 746 3187 telo
762 3127 942 3204 perforatur,
958 3141 1025 3204 pro·

12 3206 175 3288 llapsaque
192 3212 326 3270 intestina
342 3211 517 3288 conduntur,
533 3221 563 3271 ει
580 3229 648 3271 oras
667 3210 795 3270 vulneris
818 3219 932 3270 suturae
948 3227 1024 3270 conn-

34 3292 231 3368 prebendnnt:
248 3294 340 3373 quod,
355 3294 591 3373 quemadmodum
605 3297 668 3370 liat,
684 3311 751 3354 mox
762 3293 905 3355 indicabo.
925 3292 1024 3372 ltaque

36 3378 120 3436 etiarn
132 3377 181 3437 ubi
194 3381 287 3439 tenuis
299 3379 392 3440 fistula
405 3379 546 3439 abdomen
558 3379 702 3457 perrupit,
719 3378 855 3439 excidere
871 3395 934 3437 earn
945 3377 1024 3452 lieet,
1071 3410 1073 3414 ·

35 3467 190 3542 amoreque
206 3480 275 3524 cras
290 3464 474 3542 conjungere.
513 3465 544 3524 st
567 3479 639 3524 vero
657 3480 692 3524 ea
710 3463 804 3535 tistula
827 3463 911 3528 latius
925 3461 1024 3540 patuit,
