2372 3892
348 211 705 264 'u1e.r1.cur.xvrrr.
735 215 737 223 ·
872 269 875 276 ,
972 203 1033 268 259

28 365 117 432 aduri
132 365 343 430 medicamento
367 377 479 448 potest,
501 368 578 448 quod
605 385 642 429 en
663 369 708 431 lris
730 382 859 442 constat:
888 374 1034 450 aeruginis

28 469 60 534 p.
77 451 137 534 )·(.
155 467 191 512 ιι.
207 453 340 530 myrrhae
356 454 511 533 p.)·(.1v.‚
527 457 631 530 gummi
648 473 676 534 p.
693 456 920 536 )·(.v111.mris
935 457 1032 536 p.)·(.

27 551 92 598 xlx.
115 537 216 614 stibis,
232 539 388 616 papaueris
409 538 563 614 lacrimae,
586 541 718 616 acaciae,
738 541 916 618 singulorum
931 557 959 620 p.
975 542 1032 620 )·(.

28 635 104 682 xvl.
148 623 216 697 Quo
242 621 450 682 medicamento
479 620 591 701 quidam
618 625 702 682 etiam
727 621 840 702 ulcera,
867 625 903 684 de
930 625 1033 702 quibus
1100 659 1103 667 ·

6 706 169 786 ,proxime
184 704 243 765 dixi
258 707 295 785 (ὃ
312 707 363 784 2),
378 714 528 765 renouant.
551 705 581 766 st
602 705 659 766 lroc
674 723 773 786 panum
789 709 817 767 in
833 709 1032 784 condylomate

30 791 169 870 proficit,
183 788 313 850 adhiberi
330 797 452 869 possunt
470 790 554 850 etiam
570 790 769 851 vehementius
782 793 938 853 adurentia.
977 791 1032 850 Ubi

31 882 204 934 consumtus
230 883 275 934 est
298 883 404 951 tumor,
432 873 468 934 ad
495 873 703 935 medicamenta
728 876 803 938 lenia
829 875 1031 936 transeundum

31 967 90 1018 est.
203 975 204 978 ’

97 1043 129 1105 9.
153 1041 279 1106 Tertium
300 1043 398 1104 titium
420 1051 480 1120 est,
503 1059 555 1103 ora
577 1061 713 1104 venarum
735 1053 877 1122 tamquam
899 1042 1033 1120 caprtulis

6 1123 206 1210 ,quibusdam
215 1129 384 1204 surgentia,
398 1143 472 1206 quae
484 1142 574 1206 saepe
585 1130 755 1206 sanguinem
768 1128 902 1188 fundunt:
915 1147 935 1186 α
937 1123 1034 1206 ipod-

31 1207 152 1290 ῥοῖδας
169 1207 272 1271 Graeci
287 1220 403 1272 vocant.
426 1211 517 1311 ldqpe
533 1211 642 1271 eliam
633 1231 660 1271 ru
679 1231 731 1272 ore
748 1211 853 1272 vulvae
865 1209 1033 1271 feminarum

30 1294 165 1354 incidere
183 1297 343 1355 consuevit.
372 1295 492 1374 Atque
484 1311 512 1354 ru
531 1295 699 1374 quibusdam
716 1313 814 1374 purum
836 1304 897 1355 tuto
919 1295 1032 1372 suppri-

30 1380 136 1456 mitur,
161 1380 209 1458 qui
227 1380 373 1456 sanguinis
396 1379 540 1460 prollavio
563 1379 770 1440 imbecilliores
793 1395 850 1438 non
873 1381 959 1438 dunt:
983 1377 1032 1436 ha·

31 1462 104 1522 bent
120 1463 195 1522 enim
211 1464 413 1542 purgationem
430 1463 519 1540 bauo,
541 1479 598 1523 non
620 1463 760 1523 morbum.
794 1461 922 1541 Ideoque
941 1461 1032 1520 curati

6 1546 168 1625 equidem,
181 1564 266 1624 quum
283 1548 400 1624 sanguis
415 1549 520 1607 exitum
535 1563 592 1608 non
604 1547 741 1625 haberet,
755 1547 889 1606 inclinata
906 1549 933 1604 in
949 1561 1032 1623 prae·

35 1629 138 1690 cordia
153 1647 188 1690 ec
203 1631 316 1690 viscera
331 1632 466 1706 materia,
488 1629 588 1691 subitis
608 1640 637 1690 et
651 1631 830 1708 gravissimis
845 1629 955 1689 morbis
970 1645 1031 1687 cor·

32 1715 110 1794 nepti
127 1722 201 1773 sunt.
226 1715 256 1774 Si
276 1716 320 1774 cui
336 1731 407 1774 vero
426 1714 454 1774 id
469 1723 572 1791 nocet,
588 1716 613 1774 is
631 1715 765 1775 desidere
780 1717 808 1774 iu
819 1731 900 1793 aqua
916 1731 954 1778 ex
967 1729 1031 1770 ver-

33 1798 119 1858 benis
135 1797 237 1857 debet:
259 1799 409 1876 imponere
425 1801 550 1857 maxime'
563 1799 741 1859 malicorium
758 1817 827 1858 cum
842 1797 931 1857 aridis
946 1812 1031 1855 rosae

32 1882 114 1942 ioliis
128 1882 295 1950 connitum
311 1891 358 1942 aut
370 1899 407 1940 ex
418 1883 453 1940 iis
464 1881 575 1960 alique,
589 1899 662 1961 quae
673 1884 841 1960 sauguinem
853 1883 1033 1960 supprimunt

6 1966 93 2044 o.(ci
102 1964 166 2042 §33
183 1965 266 2044 tine)
290 1965 371 2025 Solet
381 1973 473 2025 autem
486 1967 759 2042 oririinllammatio,
771 1965 950 2028 meximeubi
963 1965 1032 2024 dura

33 2051 120 2110 alvus
132 2067 195 2108 eum
208 2048 311 2108 loc'um
315 2049 409 2108 laesit.
432 2049 521 2109 l'om'
514 2067 541 2108 ιιι
554 2066 627 2129 aqua
642 2050 718 2110 dulci
734 2049 920 2109 desidendum
935 2056 991 2124 est,
1004 2054 1034 2104 et
1074 2058 1086 2075 ⁸

32 2133 62 2194 id
78 2133 234 2193 fovendum
248 2133 329 2193 ovis·
333 2133 511 2232 imponendi
522 2134 614 2193 vitelli
627 2151 691 2194 cum
706 2149 793 2193 rosae
803 2132 882 2192 loliis
895 2149 932 2190 ex
944 2116 1033 2211 passo

34 2217 180 2277 subactis:
197 2217 340 2296 idque,
316 2235 340 2276 sr
357 2218 430 2276 intus
448 2227 493 2277 est
501 2216 615 2294 ,digito
632 2216 812 2285 illinendum,
832 2219 970 2290 siextra,
987 2230 1033 2272 su·

35 2301 193 2382 perillitum
216 2301 368 2381 panniculo
394 2301 596 2400 imponendum
620 2311 673 2362 est.
710 2300 752 2360 lle
775 2317 891 2380 quoque
909 2297 1032 2357 medica·
1107 2311 1112 2316 ·
1178 2275 1180 2284 Α

6 2394 152 2463 amenta,
170 2403 244 2462 quae
267 2385 295 2445 in
315 2384 481 2446 recentibus
500 2387 635 2446 scissuris
656 2387 751 2465 posita
769 2393 847 2460 suut,
864 2383 912 2442 lric
928 2379 1033 2442 idonea

35 2479 112 2531 suni.
153 2467 233 2529 citis
253 2487 325 2529 vero
347 2471 375 2529 in
395 2469 453 2528 hoc
474 2485 543 2529 casu
563 2469 679 2548 iisdem,
704 2469 839 2548 quibus
831 2486 859 2527 ιιι
875 2465 1031 2546 prioribus,

34 2553 173 2614 utendum
186 2561 241 2614 est.
279 2555 311 2614 st
326 2555 380 2612 isia
396 2569 496 2630 parum
507 2555 625 2630 jurant,
646 2554 741 2614 solent
757 2553 892 2632 imposita
908 2551 1032 2610 medies·

34 2647 133 2698 menta
148 2637 296 2697 adurentia
313 2655 348 2697 ee
365 2637 489 2715 capitula
506 2637 668 2698 absumere.
703 2638 749 2698 Ac
765 2639 860 2714 sijum
875 2636 1033 2696 vetustiora

35 2730 118 2794 suut,
149 2720 202 2780 sub
226 2730 345 2781 auctore
373 2719 515 2797 Dionysio
542 2721 735 2800 inspergenda
767 2719 945 2782 sandaracha
973 2727 1032 2778 est·
1109 2725 1111 2728 ’

6 2804 143 2873 pdeiude
160 2805 360 2883 imponendum
375 2805 420 2880 id,
439 2805 516 2884 quod
529 2823 567 2865 ex
583 2807 627 2866 his
644 2815 770 2866 consui.
794 2818 930 2884 squamae
946 2803 1032 2875 acris,

35 2890 255 2968 auripigmenti,
275 2887 497 2968 singulorump.
522 2889 576 2968 )·.(
592 2903 625 2950 v.
647 2891 708 2950 sarri
733 2889 868 2967 celcisp
885 2887 940 2963 )·(.
958 2897 1031 2944 vm.

36 2982 160 3055 postero
177 2973 223 3032 die
245 2991 298 3032 acu
318 2972 577 3051 compungendum.
616 2973 734 3032 Adustis
758 2970 910 3050 (edentis.
907 2965 1032 3048 ?)capi·

36 3059 105 3118 tulis
120 3057 150 3116 iit
168 3058 304 3132 cicatrix,
319 3073 391 3134 quae
407 3059 574 3132 sangninem
589 3057 668 3116 luendi
681 3055 827 3134 prohibet
850 3052 907 3112 Sed
919 3054 1033 3132 quoties

35 3144 60 3202 is
77 3159 254 3220 suppressus
276 3151 335 3217 est,
359 3157 395 3199 ne
418 3139 484 3218 quid
502 3141 626 3219 periculi
647 3141 763 3216 efferet,
785 3138 871 3197 multa
892 3137 1033 3198 exercita·

6 3227 118 3296 ntione
134 3223 425 3300 digerendamateria
442 3234 499 3292 est;
518 3235 730 3305 praetereaque
747 3185 775 3282 e’t
792 3222 878 3298 viris,
902 3231 931 3282 et
952 3221 1032 3280 lemi-

36 3313 99 3386 nis,
122 3307 225 3408 quibus
240 3317 384 3369 menstrua
408 3325 465 3368 uon
486 3309 676 3386 proveniunt,
697 3307 836 3368 interdum
859 3325 896 3366 ex
913 3306 1033 3414 brachio

37 3395 156 3471 sanguis
170 3393 323 3453 mittendus
340 3401 394 3451 est.

102 3478 150 3540 10
165 3475 253 3537 At'
229 3497 254 3538 st
269 3495 340 3537 auus
354 3477 436 3574 ipse,
453 3476 500 3536 vel
518 3493 552 3538 os
563 3475 667 3536 vulvae
683 3475 850 3618 prociqli7tss
841 3493 904 3534 nam
918 3474 946 3534 id
963 3489 1031 3550 quo·
