2444 3904
471 225 676 274 PRAEFATIO.
887 232 891 238 '
1021 227 1085 276 XIII

57 376 184 459 dationis
206 393 281 452 opus
300 376 334 436 ad
355 377 443 438 finem
459 378 620 456 perducere
642 379 824 450 festinamus,
848 399 882 442 eo
905 380 1004 460 plures
1025 399 1085 440 ma·

54 459 197 540 joresque
221 458 401 520 difficultates
420 462 592 522 offendimus
613 459 687 539 quae
707 481 760 522 nos
781 463 895 540 lougius
912 480 999 544 quarn
1020 483 1085 542 spe·

55 542 198 602 rabamus
212 549 364 604 morantur
372 553 390 577 ‘⁴
411 544 514 623 (Targa
529 544 703 621 Morgagno;
726 564 754 622 p.
772 547 832 608 489
852 550 881 607 iu
897 548 941 608 ed.
957 549 1084 626 Veron).

140 626 218 686 Prae
254 628 359 686 ceteris
392 626 499 688 librum
529 629 567 697 V,
595 629 631 688 Vl
663 637 691 689 et
720 630 782 690 VIII
817 629 892 690 male
922 631 1086 691 babuerunt

52 708 187 778 librarii;
219 710 325 788 quibus
343 710 613 788 interpolationibus
632 719 727 772 autem
745 715 899 792 pravisque
914 713 1086 773 lectionibus

52 792 145 854 obsiti
171 800 240 852 sunt
262 794 319 852 duo
341 795 470 871 priores,
498 812 597 854 earum
627 795 709 856 laelle
737 796 788 856 tibi
814 798 956 856 rationem
979 797 1086 856 reddes

50 875 243 936 considerata
269 879 532 954 praescriptionum
558 879 771 939 medicinalium
800 879 984 940 multitudine
1012 897 1085 957 quae
1148 891 1155 904 ¹

50 960 82 1020 in
109 959 148 1018 iis
176 960 371 1020 inveniuntur.
417 961 453 1020 At
475 969 576 1021 contra
601 961 674 1022 liber
696 963 759 1022 VIII
782 963 891 1024 idcirco
918 964 1013 1040 potius
1035 962 1085 1022 de-

23 1055 26 1064 ’
49 1048 197 1120 pravatus
226 1043 372 1121 estquod
398 1043 508 1104 librarii
536 1063 603 1104 eum
626 1047 887 1122 transcripserunt,
920 1062 979 1104 uon
1002 1043 1085 1106 intel·

50 1124 138 1187 lectis
160 1125 252 1186 rebus
272 1127 307 1186 de
332 1127 436 1204 quibus
458 1128 557 1188 Celsus
576 1129 664 1188 verba
685 1130 760 1189 lacit.

139 1208 176 1269 In
201 1211 275 1270 rotis
302 1217 345 1269 est
370 1218 401 1272 ut
428 1210 581 1290 aliquando
605 1212 635 1272 in
658 1211 753 1272 lucent
775 1211 859 1272 edam
878 1230 951 1290 quae
973 1212 1008 1272 de
1030 1214 1086 1272 vita

53 1293 236 1370 scriptisque
258 1292 331 1354 Celsi
351 1302 499 1372 comperta
519 1295 628 1364 habeo,
650 1295 787 1374 subjectis
808 1313 930 1372 operum
954 1295 1086 1372 deperdi-

53 1383 158 1436 torum
179 1375 367 1452 fragmentis,
394 1397 467 1457 quae
486 1379 546 1457 jam
568 1378 635 1438 olirn
656 1397 672 1438 e
693 1378 775 1438 libris
796 1397 863 1440 curn
883 1379 1087 1456 manuscriptis

54 1466 116 1522 tum
140 1461 219 1536 typis
239 1463 383 1537 expressis
402 1461 514 1538 collegi.
546 1463 654 1523 Verum
672 1480 746 1540 quae
766 1463 811 1522 bis
831 1463 868 1524 da
887 1461 977 1522 rebus
996 1462 1086 1522 literis

54 1544 195 1604 mandavi
209 1545 338 1604 nondum
354 1563 388 1605 eo
404 1547 544 1623 perducta
559 1553 625 1606 sunt
646 1555 679 1606 ut
695 1545 755 1624 jam
769 1545 850 1624 prelo
866 1545 960 1618 subdi,
966 1546 1085 1622 possint.

143 1626 257 1696 Quodsi
275 1635 342 1704 post
362 1632 478 1706 egregia
500 1630 576 1690 doct.
595 1630 706 1706 Targae
726 1631 756 1689 in
777 1629 892 1692 Celsum
913 1630 1017 1688 merita
1036 1627 1085 1691 ali·

55 1718 127 1788 quot
152 1710 355 1771 additamentis
376 1729 483 1788 augere
502 1713 572 1773 mibi
593 1711 673 1774 licuit
691 1713 777 1792 hujus
798 1715 851 1776 viri
869 1712 999 1780 labores,
1023 1729 1086 1772 sus·

55 1813 111 1872 que
140 1794 239 1872 deque
263 1813 322 1854 non
349 1795 512 1866 habebunt,
541 1815 642 1877 spero,
671 1814 803 1858 meorum
831 1803 986 1856 conatuum
1015 1813 1086 1872 pau·

55 1880 176 1938 citatem
200 1880 374 1958 quicumque
395 1879 519 1941 lectores
541 1898 600 1940 non
622 1881 757 1956 ignorant
782 1886 922 1960 quantum
943 1879 1086 1940 desudan-

56 1962 125 2022 dum
150 1963 188 2020 sit
209 1962 311 2021 editori
332 1965 381 2040 qui
400 1965 512 2036 mendis
534 1979 695 2042 expurgare
717 1965 959 2041 interpretarique
980 1963 1085 2022 consti·

55 2047 109 2106 tuit
137 2062 215 2122 opus
243 2047 392 2123 scriptoris
418 2054 477 2106 tam
498 2050 575 2108 varia
601 2054 718 2125 tamque
739 2047 864 2108 difficilia
884 2047 1087 2125 pertractantis

57 2134 241 2204 argumenta.
284 2128 366 2190 lllam
387 2147 455 2191 vero
480 2132 612 2209 inprimis
638 2149 836 2209 eorumquae
861 2131 991 2208 praestiti
1015 2129 1085 2188 mibi

59 2218 166 2288 exopto
182 2213 364 2282 mercedem,
387 2221 419 2273 ut
441 2214 671 2274 excellentissimi
692 2216 799 2291 quique
818 2213 956 2289 philologi
977 2212 1087 2289 majore

58 2295 156 2354 studio
175 2313 264 2372 quam
286 2298 323 2355 ad
345 2297 423 2358 bunc
442 2315 533 2374 usque
556 2298 633 2357 diem
653 2299 682 2356 in
705 2297 819 2356 Celsunt
838 2302 965 2355 mentem
986 2295 1087 2352 adver·

60 2383 139 2446 tant,
164 2378 253 2439 bodie
279 2379 387 2442 scilicet
415 2382 500 2441 nimis
533 2380 568 2441 ab
595 2381 629 2438 iis
657 2380 831 2454 neglectum.
881 2377 943 2452 Ego
971 2376 1087 2453 quidem

61 2458 157 2520 labori
174 2480 232 2520 non
247 2480 367 2538 parcam
384 2482 441 2542 quo
460 2465 541 2524 novis
561 2461 810 2524 emendationibus
832 2458 961 2540 expolire
977 2460 1087 2536 possim

60 2542 208 2605 Celsiauae
230 2548 369 2606 orationis
391 2554 573 2626 contextum,
597 2564 648 2622 spe
665 2546 769 2605 ductus
788 2544 852 2604 sore
873 2551 905 2604 ut
925 2543 1088 2603 laventibus

58 2625 233 2697 lectoribus,
264 2629 413 2691 divenditis
438 2631 572 2690 omnibus
599 2629 685 2707 bujus
712 2629 843 2689 editionis
863 2626 1086 2706 exemplaribus,

58 2709 182 2773 alteram
205 2711 303 2773 moliri
323 2713 389 2774 velit
409 2715 627 2775 honestissimus
647 2713 748 2772 editor.

144 2877 319 2950 scribebam
339 2879 468 2942 Lutetiae
489 2879 681 2946 Parisiorum,
703 2879 764 2938 lIal.
785 2878 914 2946 Ianuar,
940 2876 1027 2937 1859.

525 3107 530 3120 ¹
605 3126 705 3198 car.
726 3125 1003 3208 waremberg.
