2384 3896
351 175 420 223 nun.
436 175 483 224 ιν.
506 174 582 226 oar.
598 177 707 228 ιιιιιιιι.
962 171 1020 234 153

28 327 130 390 sorbet
146 328 263 408 aliquis,
285 329 333 390 vel
348 329 419 390 bibit
432 332 558 392 mixtum
593 334 651 393 Sed
666 334 880 396 medicamentis
895 335 950 417 uti,
966 342 1020 400 nisi

26 414 55 470 in
70 411 291 476 vehementibus
305 414 400 491 malis,
418 433 626 494 supervacuum
642 426 696 478 est.

274 649 456 714 oecon
492 651 799 752 xxvnnpxxp

389 771 425 820 De
441 771 532 820 vulvue
551 773 646 820 morbo.

11 948 21 987 ι
91 922 118 982 1.
147 921 194 984 Ex
211 923 297 984 vulva
314 940 429 1002 quoque
445 923 559 984 leminis
578 922 735 984 vehemens
753 925 856 986 malum
875 927 1018 987 nascitur:

30 1007 217 1086 proximeque
247 1006 282 1068 ab
311 1006 460 1068 stomacho
488 1007 535 1066 vel
564 1007 687 1068 allicitur
711 1009 804 1086 baec,
841 1011 888 1071 vel
913 1028 1020 1090 corpus

28 1090 124 1150 aideit
161 1090 306 1150 Interdum
327 1091 412 1150 etiam
433 1093 475 1150 sic
498 1093 654 1170 exanimat,
678 1101 706 1152 ut
727 1102 867 1172 tamquam
883 1093 1020 1155 comitiali

28 1174 128 1234 morbo
151 1183 327 1253 prosternat.
364 1173 457 1235 Distat
477 1184 572 1236 tamen
593 1176 640 1236 hic
656 1194 756 1255 casus,
778 1196 814 1237 eo
832 1178 909 1278 quod
925 1193 1020 1255 neque

31 1258 102 1318 oculi
120 1268 287 1336 vertuntur,
307 1277 362 1318 nee
377 1277 495 1338 spumae
512 1243 670 1338 p'roduuut,
691 1277 746 1320 neo
760 1280 842 1321 uervr
835 1260 1019 1321 'distendun-

11 1350 84 1402 otur:
108 1359 203 1422 sopor
223 1303 327 1402 tantbm
347 1352 400 1402 est.
436 1339 529 1421 quue
546 1343 712 1422 quibusdam
727 1344 840 1406 leminis
855 1343 959 1406 crebro
975 1361 1019 1403 re·

31 1435 142 1486 uertens
154 1436 328 1506 perpetuum
339 1428 378 1486 lit.
401 1425 457 1488 Ubi
470 1427 617 1503 incidit,
593 1445 617 1486 ιι
630 1429 699 1488 satis
711 1430 812 1488 virium
825 1437 885 1504 est,
901 1429 1019 1504 sanguis
1077 1427 1080 1434 '

11 1512 128 1572 ¹missus
154 1512 287 1588 adjuvat:
315 1512 340 1571 si
367 1527 484 1588 parum,
511 1511 709 1573 cucurbitulae
730 1522 823 1572 tamen
849 1510 1020 1586 deligendae

32 1602 92 1653 suut
111 1596 141 1654 in
163 1595 335 1672 inguinibus.
372 1597 402 1654 Si
425 1595 527 1654 diutius
550 1604 597 1654 aut
609 1597 707 1672 jacet,
734 1604 782 1656 aut
799 1595 906 1673 alioqui
916 1596 1020 1669 J'acere

34 1680 196 1755 cousuevit,
221 1679 377 1740 admovere
400 1687 517 1758 oportet
538 1679 653 1738 naribus
670 1679 840 1738 exstinctum
853 1697 891 1738 ex
903 1677 1021 1738 lucerna

11 1761 227 1837 uliuamentnm,
256 1763 304 1824 vel
332 1763 408 1824 aliud
432 1764 544 1839 ex,iis,
576 1781 648 1841 quae
670 1763 810 1824 foedioris
831 1782 898 1823 esse
922 1762 1020 1822 odoris

34 1847 123 1923 retuli,
145 1846 223 1925 quod
237 1847 386 1908 mulierem
402 1847 518 1907 excitet,
551 1846 687 1925 Idemque
703 1865 795 1926 aquae
810 1865 925 1927 quoque
940 1845 1019 1923 frigi·

34 1929 82 1990 dae
96 1931 226 2009 perfusio
243 1932 341 1992 eidoit.
363 1931 546 2009 Adjuvatque
561 1937 623 1990 ruta
639 1933 759 1992 contrita
776 1950 839 1991 cum
854 1929 956 2007 melle,
973 1927 1020 1988 vel

36 2033 68 2074 ex
83 2017 204 2095 cyprino
221 2025 364 2094 ceratum,
379 2015 427 2075 vel
442 2014 592 2094 quodlibet
610 2015 730 2074 calidam
745 2024 774 2074 et
788 2015 929 2075 humidum
945 2020 1020 2072 cata·

37 2098 135 2178 plasma
160 2099 336 2160 naturalibus
357 2099 433 2178 pube
448 2109 531 2159 tenus
546 2101 718 2176 impositum.
753 2098 831 2159 luter
848 2098 921 2158 baec
937 2097 1021 2155 etiam

12 2184 188 2261 operirioare
209 2202 300 2244 coxas
316 2193 345 2244 et
362 2184 489 2262 poplites
505 2191 631 2261 oportet
667 2181 793 2258 Deinde,
814 2181 863 2240 ubi
879 2180 914 2240 ad
928 2196 961 2238 se
977 2195 1021 2237 re·

37 2267 94 2345 diit,
123 2267 381 2329 circumcidendum
408 2269 502 2326 viuum
528 2276 571 2326 est
595 2267 623 2325 in
647 2275 736 2326 totum
762 2283 881 2341 annum,
912 2263 1021 2324 etiamsi

38 2369 114 2412 casus
135 2353 212 2414 idem
233 2371 289 2413 non
308 2353 478 2413 revertitur:
499 2351 633 2411 iriotiooa
649 2349 775 2430 quotidie
786 2348 921 2409 utendum
936 2348 1022 2406 totius

39 2435 143 2512 quidem
159 2439 308 2516 corporis,
333 2438 490 2516 praecipue
506 2453 578 2497 vero
593 2437 701 2495 ventris
718 2443 747 2494 et
761 2433 916 2513 poplitum:
941 2429 1022 2490 cibus

39 2535 72 2577 ex
92 2521 183 2582 media
197 2524 315 2584 materia
330 2521 459 2583 danduse
479 2520 571 2599 sinapi
588 2537 676 2599 super
692 2521 776 2580 imum
790 2526 919 2578 ventrem
935 2513 1022 2574 tertio
1045 2589 1050 2596 .

13 2619 143 2745 aequoque
158 2614 206 2666 aut
220 2615 321 2684 quarto
338 2604 382 2665 die
399 2605 619 2683 imponendum,
641 2604 735 2664 donec
751 2620 858 2681 corpus
873 2599 974 2659 rubeat
986 2597 1021 2676 ¹)

83 2691 171 2750 ..Si
193 2690 311 2750 durities
335 2698 445 2764 manet,
468 2689 581 2750 mollire
603 2687 751 2749 commode
766 2686 878 2746 videtur
893 2683 1023 2744 solanum

41 2770 65 2828 ln
85 2771 129 2832 lao
149 2773 317 2851 demissum,
342 2772 444 2834 deinde
467 2774 630 2843 ιοιιιιίιιιιιιι
653 2782 682 2834 et
700 2790 768 2832 cera
783 2769 848 2831 alba
864 2777 949 2846 atque
964 2783 1022 2824 mo

42 2852 111 2916 lulla
132 2860 249 2918 cervina
272 2877 334 2918 cum
355 2859 446 2932 irino,
471 2866 518 2918 aut
538 2875 638 2916 sevum
657 2858 796 2917 taurinum
811 2851 859 2912 vel
877 2851 1023 2928 caprinum

44 2955 97 2997 oum
115 2958 181 3003 rosa
204 2945 330 3002 mixtum.
364 2939 492 3001 Dandum
515 2941 599 3001 etiam
620 2942 699 3018 potui
719 2939 768 2998 vel
790 2945 952 2997 castoreum
967 2938 1023 3005 est,

16 3023 84 3081 uvel
103 3025 178 3102 gith,
201 3027 250 3088 vel
274 3025 414 3087 anethum.
450 3026 481 3085 Si
502 3042 600 3104 parum
624 3042 694 3103 pura
716 3031 775 3098 est,
802 3026 941 3098 purgetur
959 3017 1023 3091 jun·

44 3122 74 3166 co
98 3110 244 3188 quadrato.
290 3111 320 3171 st
346 3127 418 3172 vero
446 3108 531 3169 vulva
554 3107 722 3168 exulcerata
744 3112 806 3177 est,
838 3110 965 3162 ceratum
987 3116 1024 3157 ex

43 3205 115 3270 tosa,
136 3203 165 3254 et
186 3214 290 3256 recens
312 3194 395 3255 suilla
418 3193 523 3272 adeps,
549 3201 578 3252 et
601 3209 638 3251 ex
660 3192 723 3251 ovis
742 3187 837 3249 album
859 3187 1024 3259 misceatur,

44 3308 244 3329 *hm*

46 3454 60 3503 d
90 3387 113 3453 l)
130 3391 196 3442 Nihil
209 3392 336 3459 praecedit
350 3389 498 3450 deduritle‚
517 3379 803 3454 qnohaecreierau'tur.
833 3384 927 3434 Forsan
942 3380 1025 3443 aliqua

60 3467 138 3509 esunt:
