2372 3892
134 203 195 266 334
423 216 457 266 s.
475 215 505 264 o.
525 214 623 264 censu
637 213 831 264 succensus

132 369 246 430 nomine
262 369 382 446 saliere,
400 371 465 449 quia
480 387 574 448 aeqrre
589 387 694 448 aspero
710 379 769 439 est;
786 379 816 430 ιιι
830 369 937 448 aliquis
957 369 1037 429 bauo
1053 387 1128 448 esse,

133 455 243 514 etiamsi
257 456 327 514 rima
345 463 405 529 est,
422 455 566 514 existimet
580 471 617 513 eo
633 454 716 531 ioco,
733 471 790 532 quo
812 454 937 514 subesse
958 454 1040 514 banc
1059 459 1129 516 veri

132 538 225 598 simile
242 548 296 597 est.
315 537 396 614 Ergo
411 555 446 597 eo
462 539 578 596 nomine
594 537 689 616 decipi
707 556 764 598 nou
780 548 913 618 oportet:
931 538 986 597 sed
1005 555 1045 597 os
1064 555 1129 616 ape·

131 623 189 682 rire
207 625 375 682 tutissimum
391 630 444 681 εει.
468 621 540 681 Nam
555 639 650 700 neque
668 623 767 700 utique
781 632 860 682 certa
873 622 976 698 sedes,
993 631 1027 680 ιιι
1045 639 1128 700 supra

132 706 216 786 posui
232 708 313 784 (cap.
333 707 360 780 i,
374 705 466 783 εἰει),
482 714 641 764 suturarum
657 714 716 773 est;
744 715 773 766 ει
791 715 888 785 potest
905 705 985 764 idem
1002 714 1035 764 et
1053 715 1147 765 natu-s

131 790 231 850 naliter
254 793 434 848 commissum
456 799 485 848 ει
505 791 563 848 ἰειι
588 791 685 848 iissum
709 806 794 867 εεεε,
815 790 938 864 juxtave
955 789 1070 866 aliquid
1085 791 1126 848 fis

132 891 194 934 sum
209 873 327 933 habere.
361 874 435 947 Quin
453 873 555 947 etiam,
573 871 621 930 ubi
638 874 711 932 ictus
726 873 780 932 fuit
796 873 1013 947 vehementior,
1033 891 1126 950 quum

132 960 176 1016 vis
202 958 326 1034 specillo
351 957 418 1016 nihii
440 957 598 1031 invenitur,
620 965 714 1015 tamen
735 959 851 1034 aperire
873 956 1061 1016 commodius
1077 965 1127 1016 est

132 1041 177 1100 Ac
193 1041 217 1098 si
236 1049 344 1099 netum
360 1040 474 1116 quidem
489 1042 558 1100 rima
573 1041 723 1099 manifesta
743 1051 804 1116 εει,
821 1022 1017 1099 inducendum
1040 1059 1127 1120 super

132 1141 166 1183 os
182 1133 369 1182 atramentum
383 1115 565 1202 scriptorium
586 1132 632 1182 est
657 1124 712 1202 (ci.
735 1124 820 1202 Hipp.
836 1123 883 1184 De
906 1124 992 1183 vain.
1019 1143 1092 1203 cop.
1108 1125 1151 1200 §n

135 1207 205 1284 14),
224 1207 327 1266 deinde
343 1207 460 1285 scalpro
482 1207 508 1266 id
526 1207 736 1268 deradendum:
766 1210 909 1285 nigritiem
930 1210 1012 1266 enim
1040 1211 1129 1269 couti·

130 1299 195 1367 net,
210 1291 234 1348 si
250 1290 316 1366 quid
332 1292 428 1349 iussum
446 1300 499 1350 εει.
527 1292 610 1351 Soiet
625 1295 710 1352 etiam
726 1295 858 1367 euenire,
880 1301 911 1351 ut
927 1292 1024 1352 altera
1049 1301 1129 1372 parte

129 1374 216 1433 fucrit
231 1376 318 1452 ictus,
338 1383 367 1434 et
383 1391 417 1433 os
433 1375 524 1435 altera
539 1377 632 1436 fiderit
647 1375 708 1454 (ib.
725 1377 745 1452 ᾗ
762 1377 807 1454 8).
838 1375 958 1453 ltaque,
989 1378 1016 1434 si
1034 1378 1128 1454 gravi·

131 1467 176 1517 ter
192 1459 294 1538 aliquis
318 1477 475 1536 percussus
496 1469 557 1535 εει,
585 1461 608 1518 si
630 1461 702 1520 mala
726 1460 829 1520 indicia
850 1461 1035 1538 subsequuta
1055 1469 1127 1535 suut,

130 1561 225 1620 neque
240 1562 275 1603 ea
290 1552 389 1622 parte,
407 1561 462 1621 qua
475 1547 548 1603 cutis
565 1545 685 1628 discissa
708 1554 767 1620 εει,
789 1546 860 1602 rima
880 1546 1049 1621 repetitum
1071 1559 1152 1604 nonu

130 1628 340 1687 incommodum
367 1636 425 1704 εει,
448 1637 531 1705 parte
551 1627 642 1687 ultera
658 1629 860 1703 considerare,
878 1646 942 1686 num
961 1629 1031 1706 quis
1046 1630 1127 1689 iocus

129 1711 246 1771 mollior
261 1714 312 1788 sit,
332 1721 360 1770 et
374 1721 496 1779 tumeat:
513 1729 637 1789 eumque
653 1715 783 1791 aperire:
804 1712 945 1789 siquidem
968 1711 1009 1771 ibi
1030 1714 1127 1773 iissum

131 1811 165 1853 os
187 1797 358 1871 reperietur.
392 1795 456 1855 Nec
483 1806 577 1854 tamen
604 1811 710 1872 magno
736 1797 856 1872 negotio
886 1797 961 1854 cutis
986 1799 1125 1870 sanescit,

131 1879 240 1936 etiamsi
257 1879 362 1938 frustra
375 1889 455 1939 scota
471 1889 525 1938 εει.
557 1879 597 1938 Os
613 1879 753 1956 fractum,
769 1881 823 1938 nisi
839 1881 863 1938 si
880 1897 1057 1939 succursum
1074 1889 1124 1954 εει,

130 1960 266 2036 gravibus
278 1961 544 2023 inflammationibus
559 1963 664 2038 aiiicit,
682 1964 884 2040 difficiliusque
898 1973 1004 2041 postea
1022 1973 1150 2024 tractu-²⁰

130 2053 184 2105 tur.
214 2045 302 2120 Raro,
321 2046 373 2105 sed
388 2045 540 2124 aliquando
557 2056 660 2123 tamen,
677 2051 790 2123 evenit,
807 2057 836 2106 ut
851 2065 885 2105 os
900 2047 1019 2124 quidem
1038 2058 1123 2108 totum

130 2129 270 2206 integrum
284 2139 412 2206 maneat,
433 2133 509 2190 intus
528 2148 600 2190 vcro
622 2149 659 2190 ex
679 2133 737 2190 ictu
758 2149 833 2190 vcua
848 2131 942 2208 aliqua
960 2133 994 2190 iu
1009 2132 1124 2190 cerebri

129 2213 292 2273 membrana
307 2222 391 2291 rupta
408 2214 514 2292 aliquid
528 2216 675 2292 sanguinis
688 2216 794 2284 mittat;
810 2216 892 2293 isque
910 2213 948 2273 ibi
967 2225 1123 2275 concretus

129 2314 250 2374 magnos
274 2297 391 2356 dolores
407 2308 533 2373 moveat,
550 2299 710 2376 oculosque
725 2299 878 2358 obcaecet.
895 2297 953 2357 Sed
970 2299 1040 2357 iere
1059 2317 1123 2358 cou-

128 2389 172 2440 tra
188 2382 214 2441 id
231 2380 314 2440 dolor
330 2389 391 2455 εει,
409 2391 447 2454 ει,
465 2399 500 2440 eo
518 2382 586 2441 ioco
604 2391 669 2442 cute
692 2382 934 2462 incisapailidum
957 2398 994 2441 os
1011 2384 1148 2460 repert-s

129 2473 188 2524 tur:
204 2464 329 2542 ideoque
343 2464 372 2522 id
388 2482 503 2543 quoque
519 2483 553 2525 os
569 2466 758 2526 excidendum
773 2475 827 2526 εει.

193 2549 380 2624 Quacumque
393 2557 485 2608 autem
503 2549 539 2608 de
555 2568 641 2610 causa
657 2551 766 2610 curatio
786 2549 859 2609 baec
878 2553 1050 2610 necessaria
1072 2559 1122 2624 εει,

130 2629 292 2690 sinendum
311 2632 380 2689 sutis
397 2634 469 2690 cutis
486 2634 631 2712 patefacta
649 2644 709 2704 εει,
725 2634 810 2693 iatius
824 2633 983 2711 aperienda
1000 2644 1059 2709 εει,
1076 2635 1121 2693 do-

129 2731 201 2788 nec,
219 2713 354 2792 quidquid
372 2713 480 2774 laesum
499 2727 558 2792 εει,
574 2719 603 2776 iu
620 2727 780 2795 conspectu
796 2719 841 2777 sit.
870 2723 902 2776 ln
925 2735 984 2794 quo
1000 2720 1070 2796 ipso
1085 2719 1121 2775 ri·

129 2798 250 2858 dendum
265 2807 323 2868 εει,
337 2817 374 2858 ne
389 2799 455 2876 quid
472 2819 509 2860 cx
524 2803 587 2878 ipsu
600 2801 802 2870 membranula,
819 2819 893 2877 quae
909 2800 963 2860 sub
981 2811 1051 2860 cute
1067 2801 1148 2860 cal-³⁰

129 2885 236 2944 variam
252 2884 353 2960 cingit,
368 2901 456 2961 super
473 2902 507 2943 os
529 2885 719 2963 relinquatur:
744 2884 884 2962 siquidem
904 2883 980 2944 haec
1004 2885 1120 2963 scalpro

129 2969 290 3030 terebrisve
306 2969 433 3028 lacerata
448 2967 634 3028 vehementes
650 2968 749 3028 febres
767 2986 829 3028 com
850 2968 1119 3028 inflammationibus

130 3057 246 3113 excitat.
273 3053 374 3131 itaque
398 3071 461 3111 eum
485 3051 661 3113 commodius
684 3061 730 3112 εει
745 3069 782 3110 ex
798 3060 861 3110 toto
877 3052 913 3112 ab
930 3069 1001 3111 osse
1017 3052 1118 3112 diduci.

129 3133 257 3212 Uagam,
274 3138 297 3194 si
314 3153 351 3194 ex
367 3137 487 3196 vulnere
503 3145 564 3210 εει,
577 3137 663 3196 talem
680 3153 804 3199 necesso
816 3144 860 3195 εει
874 3135 1045 3212 habeamus,
1055 3153 1118 3213 qua·

126 3219 188 3278 -lem
203 3220 416 3294 acceperimus:
432 3221 457 3279 si
471 3237 555 3278 manu
570 3220 701 3281 iacienda
716 3228 777 3295 εει,
791 3237 825 3280 oa
840 3221 903 3279 iere
920 3219 1146 3280 commodes-s

129 3320 174 3362 ma
190 3309 246 3379 εει,
266 3317 339 3378 quae
356 3301 464 3363 duabus
482 3305 654 3364 transversis
667 3304 752 3363 lineis
766 3303 880 3362 litterae
893 3303 920 3363 X
936 3305 1059 3380 liguram
1074 3319 1118 3362 uc·

131 3387 214 3465 cipit:
233 3393 292 3444 tum
306 3383 437 3446 deiude'a
452 3388 573 3464 singuiis
590 3385 814 3466 procedentibus
828 3387 947 3463 lingulis
963 3388 1035 3447 cutis
1054 3385 1118 3462 spb-

131 3481 254 3530 secatur.
285 3465 363 3528 luter
388 3486 472 3546 quae,
495 3473 518 3529 si
548 3473 664 3549 sanguis
682 3471 784 3548 fertur,
807 3473 931 3550 spongia
954 3469 1076 3530 subinde
1093 3471 1117 3528 in
