2396 3904
304 195 307 204 Δ
407 179 716 230 mmmm
998 172 1061 236 w

74 303 299 392 llammdtionem
322 331 498 409 intumuerit,
522 333 695 395 infundenda
718 337 773 396 erit
795 353 863 397 rosa
890 337 1004 416 tepida:
1036 340 1060 398 si

74 433 171 492 usquc
185 433 221 474 eo
243 415 360 475 tumebit
382 427 411 476 ut
427 435 514 497 super
534 435 601 478 ossa
620 437 736 497 quoque
753 417 889 497 emineat,
912 420 1060 481 coercebit

74 517 142 559 eam
164 498 238 557 bene
259 501 322 560 trita
343 499 494 576 lenticula,
516 501 563 560 vel
588 501 658 561 lolia
672 503 737 561 vitis
753 504 874 561 contrita
890 513 919 562 et
937 522 999 563 cunr
1014 522 1059 562 re·

76 583 157 642 centi
181 582 228 640 vel
248 582 352 658 butyro
374 584 422 643 rel
443 583 528 663 adipe
543 587 673 646 anserina
688 587 787 652 mixta;
807 587 969 664 cervixque
990 588 1060 647 mol·

35 679 54 717 ⁵
73 665 124 726 liri
138 663 255 724 debebit
271 666 377 744 liquido
394 677 492 727 cerato
508 685 545 726 ex
559 667 632 726 irino
647 669 734 728 iacto.
761 667 805 728 Ae
831 670 855 727 si
877 687 975 747 parum
990 687 1060 750 pura

5 763 7 768 ·
72 748 1060 830 membranavidebitur,parmodusejusemplastrietmellismiscen-

75 833 133 894 dus
146 834 215 892 crit:
235 832 320 910 idque
334 833 640 912 superinfundendum:
664 837 783 912 ejusque
799 835 961 895 continendi
975 853 1061 896 causa

4 989 6 998 ,
75 935 162 976 unum
179 925 226 974 aut
240 916 360 976 alterurn
376 918 557 977 linamentum
574 918 766 994 injiciendum,
784 927 813 978 et
828 936 915 998 super
930 920 1059 996 linteolo,

4 999 6 1080 f
76 1001 128 1060 cui
149 999 331 1078 emplastrum
358 1001 456 1060 illitum
478 1003 531 1076 sit,
559 1001 778 1078 contegendum.
810 1001 865 1062 llbi
888 1021 959 1080 pura
974 1021 1059 1061 mern·

3 1085 7 1110 ²
25 1104 61 1147 so
73 1083 168 1144 brana
184 1091 242 1159 est,
262 1083 363 1144 cadem
378 1086 489 1143 ratione
504 1084 691 1159 adjiciendum
709 1084 864 1162 emplastro
877 1094 1013 1162 ceratum,
1031 1094 1060 1144 ut
1146 1128 1153 1142 ι

3 1173 4 1184 ’
75 1184 195 1226 carnem
211 1167 362 1245 producat.
393 1167 476 1242 Quod
488 1168 523 1233 ad
539 1168 735 1229 abstinentiam
751 1185 838 1243 vero,
854 1177 883 1228 et
900 1168 1059 1246 primosul-

3 1247 7 1281 ‘¹
71 1250 351 1327 tenioresquecibcs
363 1253 554 1330 potionesque
569 1253 702 1330 pertinet,
713 1250 824 1328 eadem,
839 1269 911 1331 quac
923 1254 951 1310 in
962 1251 1060 1310 vulne·

3 1335 5 1366 ²
71 1333 157 1394 ribus
180 1337 335 1413 praecepi,
356 1335 496 1394 servanda
517 1345 595 1410 suunt,
617 1353 653 1394 eo
666 1337 773 1411 magis,
796 1352 853 1412 quo
869 1335 1060 1413 periculosius

71 1417 235 1496 haec'pars
252 1418 384 1477 allicitur.
416 1418 599 1494 Quinetiam,
622 1435 706 1494 quum
716 1419 775 1492 J‘am
793 1434 850 1476 non
871 1418 962 1476 solnm
978 1419 1059 1476 susti-

1 1499 58 1562 ἰε
73 1502 160 1576 neri,
183 1501 235 1560 sed
256 1501 294 1560 ali
317 1519 432 1580 quoque
454 1501 526 1560 cibis
550 1502 713 1580 oportebit,
736 1511 829 1561 tamen
852 1510 933 1560 arunt
948 1500 1059 1559 vitanda

2 1602 3 1605 ’
71 1603 275 1664 quaecumque
294 1585 450 1644 mandenda
470 1594 548 1644 sunt:
572 1587 638 1645 item
655 1586 763 1662 furnus,
779 1593 808 1644 et
823 1584 956 1662 quidquid
982 1585 1059 1642 cxci-

1 1670 3 1704 ²
70 1679 117 1728 tat
144 1677 405 1728 sternutamentum.
442 1670 529 1748 Spem
551 1687 622 1728 vero
645 1678 752 1728 certam
772 1668 879 1728 iaciunt
899 1666 1061 1727 membrana

1 1755 3 1791 ³
71 1751 192 1812 mobilis
214 1770 248 1811 ac
270 1753 313 1811 sui
336 1752 460 1830 coloris,
487 1770 555 1812 caro
576 1754 743 1812 increscens
764 1751 939 1829 rubicunda,
967 1751 1061 1811 iacililt

70 1843 171 1895 motus
186 1836 320 1896 maxillae
337 1844 422 1914 atque
443 1836 575 1896 cervicis.
607 1836 683 1899 lllala
699 1839 780 1912 signa
799 1846 877 1914 sunt,
898 1836 1062 1896 membrana

23 1941 59 1982 πο
73 1918 248 1994 immobilia,
264 1921 365 1996 nigra,
382 1920 428 1979 vel
444 1919 546 1996 liuida,
563 1920 609 1979 vel
626 1920 709 1980 aliter
725 1919 833 1979 coloris
852 1923 995 2000 corrupti,
1012 1920 1061 1980 de-

70 2004 196 2078 mentia,
214 2004 289 2064 acris
308 2005 444 2081 vomitus,
465 2020 617 2064 neruorum
632 2004 680 2063 vel
699 2003 838 2062 resolutio
853 2004 901 2063 rel
917 2005 1060 2081 distentio,

73 2103 147 2146 caro
165 2086 260 2162 livida,
279 2086 455 2146 maxillarum
471 2089 562 2164 rigor,
579 2096 664 2164 atque
679 2088 815 2149 ‚cervicis
850 2086 971 2161 Cetera,
988 2105 1061 2164 quae

77 2170 116 2230 ad
143 2187 286 2244 somnum,
317 2169 373 2229 cibi
396 2170 585 2247 desiderium,
607 2169 733 2246 febrem,
755 2171 834 2248 puris
856 2169 984 2230 colorem
1001 2171 1060 2228 atti-

1 2265 2 2298 ἲ
73 2262 161 2326 nent,
186 2253 287 2313 eadem
309 2255 431 2331 quaein
455 2255 561 2313 ceteris
584 2251 748 2313 uulneribus
769 2252 817 2312 vel
840 2247 990 2328 salutaria,
1013 2252 1060 2311 vel

1 2361 2 2364 ¹
25 2337 226 2396 semontiiera
250 2347 322 2396 sunt.
364 2336 420 2400 Ubi
442 2336 515 2396 benc
537 2355 586 2396 res
610 2337 700 2413 cedit,
721 2337 821 2414 incipit
841 2336 876 2394 ab
895 2337 958 2414 ipsa
975 2353 1060 2394 menr-

72 2421 183 2486 bram:
215 2421 261 2480 vel
283 2422 307 2479 si
329 2437 362 2480 os
385 2438 421 2480 co
438 2421 505 2480 loco
524 2420 631 2500 duplex
646 2429 704 2495 est,
726 2418 791 2478 inde
806 2437 920 2497 quoque
937 2435 1004 2490 caro
1020 2421 1060 2477 in·

73 2522 230 2572 crescere;
265 2522 360 2582 eaque
381 2504 422 2581 id,
450 2504 526 2583 quod
548 2507 622 2563 inter
639 2521 705 2563 ossa
729 2521 847 2562 vacuum
863 2511 922 2577 est,
948 2502 1059 2580 replet:

71 2605 286 2666 nonnumquam
307 2591 392 2647 etiam
414 2607 502 2666 super
519 2586 669 2648 calvariam
685 2587 840 2646 excrescit.
871 2586 1000 2661 Quodsi
1020 2588 1060 2644 in·

72 2672 160 2747 cidit,
178 2672 372 2750 inspergenda
390 2689 506 2749 squama
521 2673 597 2732 aeris
616 2681 676 2748 est,
692 2680 722 2730 ut
736 2670 765 2730 id
785 2672 921 2749 reprimat
935 2678 965 2729 et
982 2669 1060 2730 colri-

26 2755 160 2816 eobeat:
188 2773 279 2833 eaque
307 2755 501 2834 superdanda,
536 2774 608 2834 quae
638 2755 673 2815 ad
702 2755 866 2815 cicatricem
893 2753 1060 2832 perducant.

72 2837 267 2916 omnibusque
286 2857 319 2898 ca
336 2839 409 2899 locis
425 2839 572 2900 commode
588 2840 747 2913 inducitur,
771 2847 894 2915 excepta
903 2837 1011 2895 irontis
1027 2854 1060 2895 ea

72 2932 173 3002 parte,
199 2940 272 2999 quae
291 2922 402 3001 paulum
420 2942 507 3001 super
522 2923 549 2982 id
568 2933 627 2997 est,
651 2920 729 3004 quod
744 2923 817 2980 inter
837 2916 990 2996 supercilia
1006 2925 1059 2976 est.

72 3007 119 3068 lbi
136 3005 210 3064 enirn
225 3007 274 3065 vix
291 3007 353 3066 ireri
370 3016 483 3084 potest,
500 3015 530 3066 ut
549 3024 606 3066 non
623 3024 676 3084 per
697 3017 808 3063 omnem
824 3009 945 3062 aetatem
962 3002 996 3058 sit
1011 3017 1060 3059 ex-

72 3090 237 3150 ulceratio:
255 3107 329 3168 quae
345 3090 464 3149 linteolo
480 3088 714 3148 medicamentum
733 3085 858 3146 babente
882 3083 1061 3161 contegenda

28 3188 62 3230 es
75 3182 132 3234 est.
167 3171 220 3232 llla
237 3175 344 3252 ruique,
362 3175 457 3252 capite
470 3173 575 3247 fracto,
590 3171 730 3231 servanda
746 3177 881 3246 sunt,ut,
899 3169 993 3228 donec
1002 3170 1061 3244 J'anr

74 3256 173 3318 valida
196 3258 315 3317 cicatrix
330 3257 381 3331 sit,
413 3257 537 3317 uitentur
560 3256 620 3333 sol,
638 3271 743 3330 renus,
766 3253 903 3333 frequens
919 3252 1060 3328 balneum,

72 3341 171 3415 major
186 3341 245 3399 vini
259 3340 369 3402 modus.

115 3443 222 3484 cessus.
816 3419 856 3490 22
