2372 3892
320 188 389 238 mc.
406 188 466 236 vu.
489 188 564 238 cuo.
584 190 656 240 xxx.
676 190 761 238 xxu.
981 179 1042 244 303

29 342 157 404 deinde
173 341 323 404 eluendum
335 341 364 402 id
379 361 416 402 ex
436 361 525 422 aqua,
541 362 615 422 quae
630 344 678 404 vel
700 344 790 405 salem
812 345 969 423 adjectum,
993 347 1041 408 vel

28 429 152 488 nitrum
168 427 289 488 babeat:
313 429 337 486 si
353 427 406 486 sub
422 428 525 501 media,
543 430 635 490 imave
651 431 761 506 tunica,
784 439 864 492 totae
884 448 938 491 eae
960 440 1042 492 extra

30 515 178 572 scrotum
196 510 385 573 collocandae
403 511 638 592 excidendaeque
651 522 725 574 sunt.

359 681 544 744 CAPUT
580 682 716 742 XXII.

389 791 426 841 De
443 793 545 843 ramicis
563 794 699 845 curatione.

109 930 223 990 Ramex
238 927 293 1009 (ci.
310 946 374 1008 cap.
394 927 441 1006 18,
459 929 515 990 liae
535 963 577 976 -
591 928 622 988 P.
638 928 714 1006 Aeg.
730 928 781 1005 Vl,
798 931 854 1009 64)
877 938 988 1005 autem,
1017 932 1041 990 si

33 1032 141 1093 super
159 1015 252 1091 ipsum
274 1022 399 1074 scrotum
421 1023 483 1090 est,
508 1012 668 1074 adurendus
688 1023 733 1073 est
751 1014 883 1074 tenuibus
906 1023 934 1073 et
952 1015 1041 1074 acutis

33 1098 245 1172 ferramentis,
262 1115 336 1175 qnae
352 1098 423 1176 ipsis
436 1099 519 1158 venis
534 1098 702 1174 infigantur;
720 1115 783 1158 cum
798 1115 851 1173 eo,
867 1115 903 1156 ue
919 1097 1040 1175 amplius
1097 1153 1101 1162 ,

35 1199 134 1261 quam
151 1181 203 1242 has
219 1190 313 1250 urant;
330 1183 509 1260 maximeque
536 1181 584 1242 ubi
598 1184 673 1240 iuter
694 1200 726 1242 se
748 1183 909 1260 implicatae
930 1181 1040 1258 glome·
1113 1217 1118 1228 ·

1 1287 21 1326 o
36 1275 164 1340 rantur,
180 1283 216 1324 eo
231 1264 338 1324 ferrum
355 1265 381 1325 id
398 1265 606 1326 admovendum
621 1274 678 1330 est;
699 1274 756 1324 tum
776 1284 865 1344 super
887 1264 979 1325 farina
1003 1283 1041 1324 ex

35 1368 123 1427 aqua
140 1349 244 1425 frigida
262 1347 381 1410 subacta
401 1349 554 1425 injicienda
576 1358 636 1417 est;
655 1349 844 1428 utendumque
859 1367 895 1408 eo
912 1348 1039 1422 viuculo,

34 1432 126 1512 quod
142 1432 273 1491 idoneum
288 1451 354 1492 esse
370 1437 416 1493 ani
435 1433 630 1494 curationibus
652 1434 749 1510 posui:
779 1435 864 1493 tertio
890 1433 936 1492 die
957 1433 1039 1491 leuti-

36 1517 113 1578 cula
131 1533 193 1575 cum
211 1515 296 1576 melle
313 1518 484 1596 imponenda
501 1527 560 1577 est:
582 1525 658 1595 post,
676 1518 778 1592 ejectis
799 1517 917 1592 crustis,
942 1515 1039 1574 ulcera

34 1600 137 1659 melle
159 1600 323 1678 purganda,
346 1619 414 1662 rosa
435 1600 596 1680 implenda,
621 1600 655 1660 ad
679 1601 843 1662 cicatricem
866 1599 951 1659 aridis
970 1599 1039 1658 lina-

7 1684 153 1747 smentis
173 1683 357 1761 perducenda
384 1695 456 1744 sunt.
487 1685 597 1760 Quibus
619 1700 690 1743 vero
716 1703 804 1764 super
824 1685 946 1745 mediam
968 1684 1038 1741 tuni·

37 1787 110 1829 cam
131 1785 222 1828 venae
239 1777 361 1843 tument,
377 1769 557 1828 incidendum
568 1770 673 1844 inguen
686 1777 747 1844 est,
764 1778 850 1846 atque
862 1769 955 1828 tunica
972 1783 1039 1844 pro·

36 1851 167 1927 menda,
190 1852 225 1912 ab
243 1870 335 1930 eaque
348 1871 441 1912 venae
463 1853 554 1928 digito
570 1852 617 1911 vel
634 1851 812 1913 manubriolo
836 1851 969 1930 scalpelli
994 1868 1038 1910 se·

39 1935 205 2016 parandae.
239 1937 301 2010 Qua
318 1954 389 1996 vero
406 1935 610 2012 inhaerebunt,
637 1943 667 1994 et
682 1935 717 1996 ab
733 1938 885 2014 superiore
903 1943 931 1994 et
946 1934 981 1994 ab
998 1936 1038 1995 in-

38 2023 158 2080 feriora
174 2029 255 2097 parte
269 2019 328 2080 lino
350 2020 532 2089 vinciendae;
565 2029 622 2079 tum
643 2017 696 2078 sub
720 2021 790 2098 ipsis
811 2020 932 2078 vinculis
956 2037 1038 2096 prae·

0 2132 21 2161 fa
42 2103 207 2179 cidendac,
237 2104 479 2182 reponendusque
499 2103 648 2164 testiculus
669 2111 725 2162 est.
754 2102 793 2162 At
815 2103 863 2162 ubi
879 2121 966 2180 supra
983 2113 1037 2160 ter·

39 2190 117 2248 tiam
133 2189 253 2248 tunicam
268 2207 367 2249 ramex
378 2189 499 2264 insedit,
522 2187 642 2248 mediam
657 2185 751 2247 excidi
766 2203 891 2246 necesse
906 2195 959 2244 est.
982 2184 1038 2244 De·

40 2271 126 2347 inde,
143 2271 167 2330 si
181 2269 254 2332 duae
273 2281 370 2332 tresve
385 2291 478 2334 venae
494 2281 615 2346 tument,
633 2271 715 2330 etita
733 2287 800 2348 pars
813 2269 907 2347 aliqua
923 2267 1038 2328 obside·

39 2367 110 2429 tur,
132 2363 161 2414 ut
175 2356 267 2429 major
283 2373 319 2416 eo
342 2358 409 2416 vitio
431 2366 531 2431 vacet,
555 2356 630 2416 idem
645 2354 827 2429 faciendum,
851 2352 929 2430 quod
950 2369 1038 2430 supra

40 2441 187 2515 scriptum
213 2449 257 2498 est
283 2439 338 2517 (cf.
356 2459 420 2518 cap.
446 2441 494 2515 18,
518 2441 545 2499 iu
564 2439 652 2516 line);
673 2448 702 2500 ut
723 2449 752 2498 et
766 2436 802 2498 ab
819 2437 951 2514 inguine,
976 2445 1039 2496 eta

0 2547 25 2576 a
39 2522 185 2584 testiculo
202 2522 347 2598 deligatae
368 2542 459 2584 venae
476 2524 689 2601 praecidantur,
712 2524 794 2600 isque
809 2521 957 2582 condatur.
988 2520 1039 2578 Sin

41 2616 139 2667 totum
157 2604 185 2664 id
208 2625 308 2666 ramex
332 2607 490 2683 obsederit,
513 2625 565 2685 per
588 2607 702 2684 plagam
721 2605 909 2667 demittendus
931 2604 1038 2681 digitus

40 2690 137 2751 index
154 2691 216 2767 erit,
231 2690 484 2770 subjiciendusque
501 2693 582 2750 venis
597 2693 649 2767 sic,
665 2700 694 2750 ut
709 2690 844 2769 paulatim
860 2709 910 2750 eas
925 2697 1037 2768 protra-

40 2777 112 2842 bat;
137 2789 248 2852 eaeque
264 2775 467 2851 adducendae,
484 2774 578 2835 donec
594 2777 618 2834 is
634 2775 783 2835 testiculus
793 2784 851 2853 'par
871 2774 954 2832 alteri
973 2773 1036 2831 liat:

39 2871 106 2919 tum
121 2856 226 2917 fibulae
249 2860 308 2918 oris
329 2860 372 2918 sic
393 2859 581 2934 injiciendae,
603 2868 632 2917 ut
648 2859 730 2917 simul
751 2876 801 2917 eas
818 2873 932 2935 quoque
948 2872 1037 2912 venas

20 2972 23 3000 ι
42 2940 306 3019 comprehendant.
334 2941 365 3001 ld
385 2943 442 3002 hoc
460 2942 545 3002 modo
559 2943 598 3002 lit.
624 2942 703 3002 Acus
723 2941 759 3000 ab
788 2941 934 3000 exteriore
955 2946 1037 3015 parte

38 3043 131 3088 nram
149 3025 274 3086 vulneris
291 3027 433 3105 perforat:
451 3036 509 3086 tum
522 3043 580 3086 non
595 3044 648 3105 per
664 3027 755 3103 ipsam
771 3041 889 3098 venam,
908 3020 962 3098 sed
985 3039 1037 3099 per

40 3108 243 3172 membranam
264 3111 327 3184 ejus
349 3111 519 3186 immittitur,
541 3129 595 3189 per
618 3128 737 3186 eamque
759 3110 787 3166 iu
815 3107 934 3166 alteram
958 3122 1038 3165 oram

43 3193 245 3273 compellitur.
277 3194 358 3254 Vena
382 3193 525 3254 vulnerari
541 3212 598 3252 nou
614 3193 716 3266 debet,
741 3209 777 3250 ue
792 3193 960 3267 sanguinem
975 3189 1037 3249 lun·

43 3281 105 3340 dat.
135 3277 300 3338 Membrana
315 3295 429 3356 semper
445 3281 518 3338 inter
538 3278 589 3338 has
605 3284 767 3350 venasest,
790 3293 825 3334 ac
847 3292 940 3352 neque
962 3275 1036 3352 peri-

5 3382 32 3422 as
45 3364 144 3424 culum
159 3363 258 3436 affert,
275 3371 304 3424 et
317 3361 366 3422 iulo
383 3361 591 3440 comprehensa
608 3361 672 3419 illas
687 3357 798 3418 abunde
819 3367 907 3418 tenet.
937 3357 1037 3432 ltaque

45 3447 134 3508 etiam
151 3447 221 3505 satis
242 3454 287 3504 cst
307 3445 376 3506 duas
398 3445 500 3506 libulas
521 3464 598 3505 esse.
628 3443 698 3503 Tum
715 3460 825 3519 venae,
841 3456 1037 3520 quaecumque
