2384 3896
403 181 472 230 nnn.
489 181 533 230 ur.
556 181 630 230 cnr.
652 183 699 236 vt.
988 175 1048 238 itt

37 332 133 394 iacit.
157 331 288 393 inrecto
305 332 416 394 aulana
429 337 604 413 excipiatur,
620 337 688 397 nllrll
700 339 829 399 interest.
857 337 1049 418 Superinungi

37 433 123 476 vero
147 417 226 476 oculi
249 415 355 476 debent
376 417 435 492 sic,
456 427 487 478 ut
509 419 590 478 croci
605 430 738 498 quantum
755 421 844 484 tribus
860 423 955 499 digitis
973 443 1048 484 com·

40 499 197 580 prehendi
212 509 326 578 potest,
349 509 491 577 sumatur,
514 503 647 577 myrrhae
664 505 699 565 ad
712 504 813 582 labae,
836 509 991 585 papaveris
1007 508 1048 568 la·

41 586 163 644 crimae
178 583 214 644 ad
230 584 384 644 lenticulae
398 587 637 662 magnitudinem,
655 605 748 666 eaque
765 607 828 650 cum
843 607 931 667 passo
948 601 1048 650 conte·

16 677 169 744 truatur,
185 676 216 727 et
231 668 355 747 specillo
371 685 460 747 super
474 669 588 730 oculum
604 670 781 732 inducantur.
804 672 890 733 Aliud
908 675 944 734 ad
957 674 1047 733 idem:

41 751 187 826 myrrhae
210 769 238 829 p.
262 751 317 830 )·(.
340 771 366 812 c.
387 753 597 830 mandragorae
619 756 699 815 succi
724 773 751 834 p.
768 757 826 835 )·(.
845 770 867 814 1.
893 759 1049 835 papaveris

42 835 190 896 lacrimae
214 836 240 912 p.
255 837 311 914 )·(.
327 849 363 896 11.
386 836 521 896 loliorum
544 855 647 915 rosae,
670 840 781 899 cicutae
800 839 930 916 seminis,
952 842 1047 917 singu·

42 918 147 978 lorum
163 937 192 996 p.
208 918 263 996 )·(.
278 931 329 978 111.
348 921 466 980 ananiae
484 938 511 999 p.
527 922 582 999 )·(.
598 935 644 981 tv.
656 921 816 1001 gummis'p.
828 922 884 1000 )·(.
901 937 974 983 vm.
1012 923 1049 984 lit

43 1001 263 1080 haecquidem
285 1002 420 1063 interdiu:
454 1013 539 1064 noctu
562 1022 652 1082 vero,
685 1023 742 1084 qno
766 1007 945 1066 commodior
965 1008 1048 1084 qpies

8 1095 34 1138 to
46 1087 178 1162 ueniat,¹
191 1103 248 1145 non
268 1086 390 1146 alienum
412 1095 473 1164 est,
494 1089 733 1167 superimponere
752 1089 864 1150 candidi
878 1090 959 1169 panis
977 1092 1047 1150 inte·

44 1170 160 1229 riorem
183 1179 293 1247 partem
315 1187 352 1230 ex
370 1171 436 1230 vino
454 1171 617 1232 subactam:
639 1189 704 1232 nam
719 1182 748 1233 ει
764 1174 892 1252 pituitam
907 1175 1047 1250 reprimit,

45 1261 94 1328 et,
112 1254 140 1312 si
157 1253 225 1330 quid
240 1253 374 1314 lacrimae
390 1258 552 1333 processit,
568 1254 725 1331 absorbet,
743 1265 772 1318 et
788 1257 902 1317 oculum
913 1256 1047 1332 glutinari

45 1353 107 1396 non
123 1337 239 1416 patitur.
263 1338 293 1396 Si
305 1355 395 1415 grave
405 1337 434 1398 id
446 1347 474 1398 et
487 1339 602 1414 durum,
619 1349 741 1418 propter
752 1358 884 1416 maguum
898 1341 1048 1400 oculorum

46 1420 200 1496 dolorem,
224 1420 351 1497 videtur,
375 1422 422 1481 ovi
443 1431 471 1482 et
493 1420 587 1482 album
605 1431 634 1481 et
648 1423 765 1482 vitellus
780 1425 806 1481 in
822 1441 873 1482 vas
890 1422 1047 1482 defunden-

11 1515 36 1556 ιι
47 1504 117 1564 dum
135 1512 193 1570 est:
213 1502 458 1583 adjiciendumque
474 1522 510 1564 eo
526 1505 609 1564 mulsi
624 1505 755 1584 paulum,
772 1506 859 1584 idque
874 1507 967 1582 digito
981 1525 1047 1584 per·

47 1588 244 1646 miscendum:
266 1587 314 1647 ubi
334 1587 410 1650 iacta
430 1591 522 1648 unitas
544 1597 606 1664 est,
629 1588 737 1648 demitti
757 1588 845 1649 debet
866 1589 930 1649 lana
951 1589 1047 1650 mollia
1107 1665 1110 1672 .

47 1671 127 1730 lrene
146 1679 261 1748 carpta,
278 1689 351 1748 quae
366 1671 393 1732 id
409 1673 552 1750 excipiat,
571 1690 717 1751 superque
733 1673 836 1733 oculos
852 1675 969 1750 imponi.
1004 1671 1046 1732 Ea

46 1773 98 1814 res
121 1763 152 1812 et
173 1754 246 1814 levis
268 1764 330 1828 εει,
355 1765 383 1815 ει
401 1755 601 1832 refrigerando
622 1757 751 1834 pituitam
775 1765 911 1830 coercet,
939 1766 967 1816 et
988 1772 1046 1815 non

47 1839 216 1914 exarescit,
237 1847 266 1898 et
286 1839 420 1914 glutinari
439 1839 553 1898 oculum
576 1857 633 1898 non
653 1840 768 1918 patitur.
802 1839 906 1899 Farina
931 1857 1047 1918 quoque
1156 1869 1162 1880 ·

12 1921 217 1982 aolrordcacea
237 1930 336 1998 cocta,
358 1931 387 1982 et
407 1940 470 1982 cum
492 1923 568 1982 malo
590 1932 714 1983 cotoneo
737 1932 823 1983 cocto
839 1925 943 1997 mixta,
968 1941 1046 1982 com·

47 2005 138 2064 mode
153 2007 316 2083 imponitur.
338 2005 440 2083 Neque
457 2005 492 2065 ab
508 2007 619 2066 ratione
634 2005 789 2083 abhorret,
805 2008 889 2066 ctiam
906 2005 1044 2084 penicillo

48 2089 232 2168 potissimum
247 2090 287 2147 uti
302 2106 461 2168 expresso,
485 2090 509 2149 si
524 2089 617 2150 levior
632 2091 755 2168 impetus
772 2099 833 2164 εει,
852 2107 890 2148 ex
906 2106 993 2166 aqua;
1020 2087 1046 2146 si

19 2203 26 2217 ·
48 2173 160 2248 major,
176 2191 213 2230 ex
229 2189 328 2250 posca.
356 2172 457 2233 Priora
473 2173 564 2233 larcia
580 2171 732 2249 deliganda
748 2181 879 2248 arnume
898 2189 951 2249 per
969 2187 1045 2230 som·

50 2273 118 2316 num
135 2255 249 2316 cudant:
272 2265 300 2316 at
314 2255 371 2316 hoc
387 2258 582 2334 superimponi
600 2257 669 2314 satis
685 2263 744 2330 cst,
762 2256 827 2334 quia
845 2263 874 2314 et
888 2258 990 2332 reponi
1009 2253 1044 2314 ab
1154 2297 1158 2310 .

16 2342 119 2420 nsipso
141 2338 289 2399 commode
311 2348 422 2418 potest;
445 2348 473 2398 et
494 2357 578 2416 quum
593 2339 711 2413 inaruit,
732 2339 834 2399 iterum
853 2336 1044 2397 madefacien-

52 2423 119 2485 dum
130 2431 184 2481 est.
207 2424 237 2482 Si
249 2431 354 2482 tantum
367 2423 504 2494 malleat,
521 2431 550 2482 ut
563 2439 690 2482 somnum
701 2421 747 2482 diu
760 2420 927 2500 prohibeat,
944 2438 1044 2480 eorum

52 2506 161 2584 aliquid
176 2505 296 2566 dandum
313 2515 374 2584 εει,
395 2524 470 2584 qnae
486 2496 643 2566 tudunum
659 2505 762 2566 Graeci
778 2505 941 2584 appellant:
962 2504 1044 2564 eatis·

54 2599 175 2669 quecst
197 2607 305 2668 puero,
327 2589 404 2668 quod
425 2590 499 2658 crui3
523 2591 602 2665 viro,
627 2588 704 2666 quod
724 2588 809 2650 fabae
823 2588 1045 2665 magnitudinem

54 2673 181 2750 impleat.
216 2673 250 2733 lu
273 2675 365 2752 ipsum
383 2691 455 2734 vero
477 2672 589 2732 oculum
610 2674 701 2751 primo
719 2671 780 2750 dic,
807 2674 860 2732 nisi
876 2673 989 2733 modica
1003 2673 1044 2730 iu-

19 2757 206 2829 rodaunmatio
236 2766 297 2833 εει,
335 2757 401 2816 nihil
435 2765 517 2816 recte
539 2753 703 2832 cdujioitum
741 2774 830 2833 saepe
853 2757 926 2816 euim
949 2757 1045 2834 potius

56 2842 216 2901 concitatur
230 2857 266 2899 eo
282 2841 397 2919 pituita,
414 2858 498 2919 quam
513 2841 654 2899 minuitur.
690 2838 716 2898 Α
734 2838 863 2899 secundo
878 2839 943 2912 die,
961 2838 1043 2912 gravi

58 2941 171 3002 quoque
188 2924 347 3001 lippitudini
363 2941 415 3002 per
430 2924 516 2984 indita
533 2923 739 2984 medicamenta
757 2930 838 2981 recte
854 2921 1044 2992 succurritur,

58 3007 105 3068 nbi
120 3006 166 3066 vel
180 3009 239 3082 jam
255 3009 371 3084 sanguis
387 3007 506 3081 missus,
522 3006 570 3066 uel
586 3007 667 3070 aluus
680 3005 765 3064 ducta
777 3012 838 3081 est,
855 3011 903 3064 ant
913 3009 1044 3061 neutrum

59 3091 252 3152 necessarium
268 3107 334 3150 esse
348 3089 528 3150 manifestum
544 3098 598 3148 est.
923 3093 926 3098 '

21 3195 50 3238 cs
118 3175 146 3234 2.
178 3173 266 3234 llulta
292 3182 386 3235 autem
406 3175 615 3250 multorumque
644 3178 791 3231 auctomm
813 3170 934 3244 collyria
960 3169 1045 3230 adid

58 3268 122 3338 apta
139 3267 221 3324 sunt;
245 3259 386 3337 novisque
408 3253 560 3318 etiamnum
579 3256 709 3314 mixturis
731 3255 885 3332 temperari
909 3263 1043 3330 possunt:

57 3361 138 3423 quum
159 3341 235 3401 lenia
254 3342 476 3417 medicamenta,
499 3350 528 3399 ει
548 3337 661 3398 modice
685 3338 884 3415 reprimentia,
906 3337 992 3396 laoile
1016 3345 1044 3394 ει

58 3427 134 3487 varie
149 3427 331 3486 misceantur.
354 3424 420 3502 Ego
436 3423 613 3484 nobilissima
628 3439 809 3563 exsequari5
824 3505 840 3538 *
