2392 3906
136 160 175 222 68
428 171 460 219 s.
478 171 508 219 o.
525 171 623 221 ounsr
638 171 830 220 usnrcmns

135 325 222 400 hulbl,
237 323 376 401 brassica,
390 326 540 403 magisque
555 326 638 385 ctiam
659 343 741 400 cyma
758 325 836 400 ejus,
851 341 1029 403 asparagus,
1051 320 1136 396 heta,

135 410 261 468 cucumis
278 409 332 486 (cl
350 426 414 488 cap.
430 408 497 486 22),
510 427 640 488 porrum,
663 425 763 485 eruca,
787 409 968 483 nasturtium,
990 406 1137 480 thymum,

134 499 250 570 nepeta,
264 494 397 568 satureia,
412 492 580 570 hyssopum,
593 501 666 567 ruta,
683 492 823 567 anethum,
839 490 1026 567 foeniculum,
1042 490 1137 548 cumi·

134 592 214 650 num,
233 576 355 651 anisum,
372 575 530 655 lapathum,
554 575 660 653 sinapi,
677 574 788 652 allium,
805 592 893 654 cepa,
909 575 1010 650 lienes,
1028 589 1139 647 renes,

132 659 282 736 intestina,
299 676 412 738 pomum
428 658 628 737 quodcumque
642 657 753 718 acidum
767 658 815 718 vel
830 649 966 718 acerbuln
982 665 1045 732 est,
1064 673 1163 716 aces

134 751 208 818 turn,
225 744 420 816 omniomnis,
437 741 530 818 acida,
546 741 663 818 acerba,
679 743 784 820 oleum,
800 743 898 820 pisces
913 757 1028 820 quoque
1046 755 1140 798 saxa·

133 826 209 901 tiles,
224 842 392 904 omnesque,
405 827 452 903 qni
469 843 506 886 cx
520 827 675 886 tenerrimo
691 835 888 903 generasset,
906 834 954 884 aut
967 823 1015 902 qul
1027 841 1141 882 rursus

133 910 246 969 nimium
262 909 323 968 duri
338 910 482 986 virosique
498 919 579 987 suut,
598 919 627 970 ut
641 912 704 971 lere
719 927 792 988 quos
805 919 917 987 stagna,
935 909 1025 981 lacus,
1048 907 1141 965 limo·

131 993 215 1070 sique
227 993 280 1051 rivi
291 991 397 1069 lerunt,
410 993 517 1071 quique
529 995 560 1088 ip
569 996 680 1055 nimiam
692 993 914 1070 magnitudinem
926 999 1141 1051 excesserunt.

453 1210 635 1273 CAPUT
663 1212 800 1272 XXII.
1149 1222 1168 1262 ¹⁰

328 1365 330 1372 ,
374 1325 443 1383 Quae
460 1341 502 1376 res
518 1327 602 1387 leuca,
618 1341 714 1390 quaeve
730 1341 800 1376 acres
816 1328 876 1376 sint.

193 1458 286 1519 Lenes
307 1469 401 1519 autem
418 1469 481 1520 sunt
496 1460 633 1538 sorbitio,
651 1461 804 1542 pulticula,
819 1462 969 1539 laganum,
991 1462 1139 1536 amylum,

131 1545 260 1622 ptisana,
288 1545 401 1620 pinguis
422 1563 508 1622 caro,
537 1556 566 1606 et
582 1565 776 1625 quaecumque
796 1544 942 1622 glutinosa
964 1554 1024 1605 cst:
1052 1545 1139 1623 quod

130 1628 192 1687 lere
210 1626 323 1703 quidem
340 1629 368 1686 in
388 1629 463 1687 omni
477 1627 634 1690 domestica
649 1630 696 1704 lit,
713 1631 870 1708 praecipue
883 1638 977 1688 tamen
993 1631 1021 1687 in
1038 1648 1139 1706 ungn-

129 1709 181 1786 lis,
205 1711 399 1788 trunculisque
421 1729 517 1790 suum,
539 1715 567 1771 in
583 1713 699 1791 petiolis
716 1712 905 1792 capitulisque
921 1713 1087 1772 hoedorum
1106 1721 1167 1772 eto

129 1793 281 1852 vitulorum
298 1803 326 1853 et
343 1811 497 1871 agnorum,
515 1795 702 1875 omnibusque
721 1795 892 1856 cerebellis:
907 1797 975 1856 item
991 1797 1041 1874 qui
1066 1815 1139 1874 pro·

129 1879 191 1954 prie
214 1875 292 1935 hulhi
312 1878 506 1956 nominantur,
522 1879 581 1955 lac,
598 1880 752 1956 defrutum,
775 1897 905 1958 passum,
926 1879 1023 1939 nuclei
1040 1882 1138 1956 pinei.

128 1960 215 2019 heria
238 1968 301 2019 sunt
317 1962 409 2021 omnia
425 1962 507 2022 nimis
531 1973 661 2040 austera,
684 1966 775 2023 omnia
799 1962 895 2038 acida,
922 1962 1017 2022 omnia
1040 1962 1137 2038 salsa,

127 2043 201 2118 mel,
220 2043 377 2122 etquidem
393 2063 449 2123 quo
465 2045 566 2106 melius
582 2056 636 2122 est,
654 2065 690 2108 eo
706 2049 816 2123 magis:
832 2047 898 2106 item
916 2047 1024 2122 allium,
1042 2065 1137 2126 cepa,

128 2145 223 2204 eruca,
239 2137 312 2205 ruta,
329 2131 504 2206 nasturtium,
524 2133 649 2190 cucumis
660 2132 715 2211 (ci.
734 2149 797 2209 cap.
813 2130 882 2207 27),
894 2130 973 2207 beta,
989 2129 1167 2206 brassicam

21 2267 23 2272 .
128 2229 298 2290 asparagus,
314 2214 416 2299 sinapi,
431 2213 570 2292 radicula,
587 2215 718 2291 iutuhus,
738 2216 875 2291 ocimum,
897 2214 1019 2290 lactuca,
1038 2217 1136 2274 maxi·

127 2313 228 2373 maque
245 2295 355 2356 olerum
372 2315 449 2376 pars.

436 2464 616 2524 CAPUT
646 2463 811 2530 XXIII.

181 2577 217 2624 De
236 2577 275 2626 his
294 2593 358 2640 quae
375 2581 533 2640 crassiorem,
552 2594 648 2642 quaeve
665 2579 803 2629 tenuiorem
822 2582 938 2645 pituitam
957 2581 1062 2630 faciunt.

190 2709 368 2771 Crassiorem
393 2724 486 2774 autem
507 2717 634 2794 pituitam
655 2715 763 2776 iaciunt
788 2733 843 2777 ova
873 2716 1012 2793 sorbilia,
1041 2717 1165 2796 altena

127 2811 223 2870 oryza,
240 2795 371 2872 amylum,
388 2799 511 2875 ptisana,
529 2799 590 2873 lac,
607 2798 701 2872 bulbi,
719 2802 874 2878 omniaque
891 2800 956 2860 iere
973 2801 1133 2879 glutinosa.

125 2876 288 2954 Extenuant
304 2880 541 2942 eamdemomnia
558 2883 651 2960 salsa,
668 2891 754 2962 atque
772 2885 871 2960 acria,
888 2893 974 2963 atque
989 2885 1084 2944 acida.

437 3101 620 3163 CAPUT
653 3105 801 3164 XXIV.

363 3213 399 3262 De
417 3212 456 3264 his
475 3230 539 3278 qnae
558 3215 685 3265 stomacho
703 3217 794 3266 idonea
809 3223 875 3266 sunt.

187 3329 340 3388 Stomacho
370 3341 462 3392 autom
489 3335 634 3411 aptissima
663 3343 740 3410 sunt,
774 3350 971 3410 quaecumque
1005 3339 1119 3390 austera
1130 3347 1157 3388 ao

125 3421 199 3488 sunt,
228 3415 310 3473 etlam
327 3432 400 3493 quae
415 3417 495 3477 acida
512 3427 590 3495 sunt,
615 3435 744 3495 quaeque
768 3425 899 3476 contacta
921 3416 982 3474 sale
1004 3413 1119 3474 monice
