2372 3892
389 203 702 254 mmmm
976 194 1036 256 m

29 369 120 414 mum
135 343 269 414 etfacile
292 363 352 422 est;
375 357 449 416 sicut
465 358 561 418 evenit
581 359 608 418 in
632 361 684 435 iis,
708 377 781 436 quae
799 367 828 419 et
845 358 925 420 tarde
944 361 1037 420 incre·

27 447 147 516 scunt,
167 447 197 498 et
211 438 314 500 dolore
331 455 387 498 non
400 441 536 500 cruciant.
559 441 591 500 ln
606 443 649 502 his
668 461 720 502 ver
735 443 964 522 exspectandum
975 453 1036 517 est:

34 529 108 595 aut,
126 522 231 599 siquid
248 523 339 599 magis
356 525 476 602 pressit,
499 525 601 584 melior
615 534 709 585 tameo
730 536 878 587 autumnus
893 535 938 586 est
955 545 1038 604 quam
1130 577 1133 582 .

34 613 163 680 aestas,
185 606 232 668 vel
250 605 358 675 hiems;
383 616 468 686 atque
485 608 510 666 is
527 609 591 687 ipse
604 610 731 685 medius,
755 611 814 684 iam
836 611 936 670 fractis
953 614 1037 670 aesti-

10 687 115 765 obus,
132 689 259 748 nondum
276 691 346 749 ortis
360 689 527 766 frigoribus.
564 693 628 767 Quo
643 694 735 769 magis
760 703 853 752 autem
873 695 1039 754 necessaria

38 789 116 851 pars
134 774 189 831 erit
205 790 278 850 quae
294 773 477 850 tractabitur,
492 775 548 834 boc
565 793 680 854 quoque
702 778 804 852 majori
825 777 955 855 periculo
972 776 1038 837 sub·

34 857 124 930 jecta
141 866 200 915 est:
217 865 246 916 et
261 875 367 935 saepe,
382 875 438 937 qao
451 859 542 933 maior
558 860 645 937 plaga
657 860 799 937 iacienda,
813 879 849 920 eo
862 862 953 935 magis
965 860 1039 920 haec

39 941 189 1017 temporis
204 942 279 999 ratio
293 941 462 1002 servabitur.

110 1025 141 1082 5.
174 1022 221 1082 Ex
240 1026 386 1084 curatione
405 1042 475 1085 vero
492 1027 612 1102 unguis,
636 1036 665 1086 ut
685 1027 762 1102 dixi,
785 1028 852 1088 vitia
873 1035 1037 1103 nascuntur,

2 1123 123 1184 requae
140 1109 204 1186 ipsa
220 1107 282 1167 aliis
298 1126 413 1187 quoque
429 1109 464 1169 de
481 1111 574 1168 causis
590 1111 657 1169 oriri
674 1111 778 1170 solent.
807 1110 948 1170 Interdum
965 1111 1039 1168 enim

43 1193 74 1250 lit
97 1192 127 1248 in
150 1191 272 1267 angulo,
297 1208 394 1269 parum
415 1210 510 1269 ungue
529 1195 644 1270 exciso,
667 1195 713 1253 vel
734 1194 834 1266 aliter,
850 1194 1038 1269 tuberculum,

43 1273 127 1351 quod
139 1275 296 1352 palpebrae
318 1293 416 1353 parum
437 1276 530 1336 diduci
547 1279 667 1354 patitur:
688 1272 846 1356 ἐγκανθίς
862 1295 970 1354 graece
988 1294 1038 1337 no·

42 1358 170 1416 minatur
192 1358 239 1436 (P.
255 1358 330 1435 Aeg.
349 1359 404 1433 Vl,
429 1361 494 1437 17).
534 1359 639 1438 Excipi
663 1361 792 1437 hamulo,
820 1370 848 1420 et
874 1359 1039 1420 circumcidi

43 1440 150 1506 debet:
179 1441 226 1500 hic
249 1459 365 1520 quoque
387 1443 542 1520 diligenter
561 1453 720 1524 temperata
741 1462 840 1518 manu,
868 1443 986 1521 nequid
1002 1461 1039 1502 en

6 1526 113 1602 asipso
131 1525 238 1602 angulo
270 1526 425 1587 abscindat.
475 1525 545 1586 Tum
570 1530 702 1603 exiguum
723 1528 902 1590 linamentum
923 1543 1038 1603 resper-

44 1608 174 1684 gendum
189 1617 234 1668 est
254 1609 302 1668 uel
319 1610 444 1686 cadmia,
467 1609 515 1668 vel
536 1618 694 1672 atramento
717 1612 841 1679 sutori03
867 1613 952 1687 inque
975 1625 1039 1667 eum

46 1692 200 1768 angulum,
225 1692 345 1752 diductis
366 1692 530 1772 palpebris,
553 1693 750 1769 inserendum,
774 1711 919 1773 supraque
936 1693 1039 1753 eodem

46 1776 135 1836 modo
152 1776 352 1851 deligandum:
370 1778 569 1856 proximisque
582 1777 682 1838 diebus
698 1779 829 1838 similiter
845 1775 1037 1843 nutriendum
1150 1833 1153 1840 ,

47 1869 155 1920 tantam
180 1869 209 1920 ut
231 1862 330 1937 primis
353 1877 425 1938 aqua
451 1860 581 1938 egelida,
604 1862 651 1922 vel
673 1863 757 1922 etiam
775 1861 880 1938 frigida
895 1861 1037 1920 foveatur.

2 1970 38 2012 ao
112 1945 142 2005 6.
173 1942 317 2003 Interdum
337 1944 463 2005 interce
484 1945 642 2024 palpebrae
665 1945 848 2021 coalescunt,
874 1943 1039 2023 aperirique

48 2046 105 2087 non
121 2037 220 2105 potest
237 2028 349 2088 oculus.
386 2026 438 2088 Cui
460 2029 535 2088 malo
552 2029 628 2088 solet
643 2031 727 2090 eliam
742 2028 811 2088 illud
829 2027 987 2103 accedere,
1010 2035 1040 2084 ut

48 2111 191 2191 palpebra
208 2129 271 2170 cunr
286 2111 352 2172 albo
368 2111 446 2172 oculi
463 2112 666 2181 cobaerescat3
690 2113 804 2172 scilicet
819 2129 903 2189 quum
919 2112 947 2168 in
961 2117 1038 2168 ntro-

50 2213 108 2273 que
121 2195 173 2254 luit
188 2194 271 2254 ulcus
287 2196 471 2272 negligenter
487 2204 624 2254 curatum.
653 2195 837 2255 Sanescendo
855 2196 945 2267 enim,
962 2191 1040 2270 quod

51 2279 145 2338 diduci
161 2281 253 2356 potuit
275 2287 304 2338 et
320 2279 430 2355 debuit,
448 2279 607 2356 glutinavit.
634 2267 972 2357 Mpuvteplepdpovg
987 2272 1039 2334 sub
1100 2345 1104 2354 Ι

16 2371 176 2440 carroque
197 2363 265 2422 vitio
285 2360 388 2423 Graeci
410 2372 516 2423 vocant
537 2362 584 2439 (Ρ.
607 2361 684 2438 Aeg.
702 2361 758 2438 Vl,
780 2363 844 2440 15).
878 2358 1040 2436 Palpebrae

49 2456 155 2507 tantum
171 2448 245 2505 inter
271 2465 303 2506 se
318 2447 510 2507 cohaerentes
533 2463 589 2505 non
610 2444 764 2505 dilliculter
780 2445 963 2512 diducuntur;
988 2440 1039 2500 sed

51 2530 190 2590 interdum
214 2530 334 2590 irustra:
357 2547 421 2590 narn
445 2547 544 2590 rursus
567 2528 748 2605 glutinantur.
786 2527 922 2607 Experiri
946 2535 1040 2586 tamen

52 2621 181 2692 oportet;
201 2615 266 2691 quia
282 2613 357 2673 hene
373 2631 421 2673 res
436 2615 551 2691 saepius
567 2613 651 2672 cedit.
682 2611 772 2688 Igitur
787 2629 919 2678 eversum
934 2608 1039 2688 specil·

54 2698 109 2756 lum
129 2697 323 2772 inserendum,
344 2696 578 2773 diducendaeque
598 2714 635 2756 eo
656 2696 816 2774 palpebrae
834 2704 913 2754 sunt:
937 2692 1040 2752 deinde

21 2782 157 2857 mexigua
181 2781 316 2858 penicilla
338 2781 560 2858 interponenda,
584 2779 677 2838 donec
697 2779 874 2839 exulceratio
896 2778 958 2852 ejus
982 2775 1040 2834 loci

56 2866 171 2924 liniatur.
209 2863 248 2922 At
268 2864 316 2924 ubi
339 2863 405 2925 albo
426 2866 517 2941 ipsius
538 2864 615 2922 oculi
634 2862 774 2941 palpebra
791 2861 931 2934 inhaesit,
951 2858 1039 2916 Hera-

57 2947 145 3008 clides
160 2948 328 3008 Tarentinus
350 2955 452 3008 auctor
476 2956 537 3023 est,
563 2947 688 3006 adverso
708 2943 849 3021 scalpello
872 2941 1039 3013 subsecare,

56 3049 155 3108 magua
171 3049 234 3092 curn
249 3031 465 3105 moderatione,
480 3039 511 3089 ut
526 3047 621 3108 neque
637 3047 674 3088 ex
690 3028 794 3102 oculo,
815 3043 909 3103 neque
928 3041 966 3082 ex
981 3021 1040 3101 pal·

59 3115 145 3194 pebra
165 3115 316 3194 quidquam
337 3113 534 3182 abscindatur;
561 3131 611 3187 ac,
638 3113 662 3169 si
686 3125 810 3170 necesse
833 3118 895 3184 est,
919 3125 956 3167 ex
981 3105 1040 3184 pal·

26 3229 50 3270 ³5
61 3198 146 3279 pebra
161 3200 265 3278 potius.
288 3197 357 3258 Post
371 3197 444 3257 haec
456 3197 606 3271 inungatur
622 3195 722 3254 oculus
736 3191 967 3267 medicamentis,
980 3189 1040 3269 qui-

60 3284 109 3343 bus
131 3281 277 3361 aspritudo
301 3291 430 3341 curatur:
453 3278 637 3357 quotidieque
662 3277 802 3356 palpebre
823 3284 966 3350 vertatur,
985 3289 1041 3332 non

61 3367 147 3426 solum
161 3375 191 3426 ut
205 3366 297 3426 ulceri
312 3363 547 3424 medicamentum
563 3361 727 3437 inducatur,
750 3360 802 3420 sed
823 3361 905 3422 etiam
926 3375 963 3416 ne
980 3371 1040 3414 rur·

63 3469 106 3510 sus
129 3450 289 3510 inhaereat:
321 3449 435 3527 ipsique
460 3448 543 3506 etiam
569 3446 840 3584 praecipiatur,1'surq
862 3458 950 3518 saepe
978 3451 1041 3495 eam
