2384 3896
382 156 450 205 nus.
468 159 514 207 vt.
534 159 609 208 car.
626 159 720 208 v.v1.
985 148 1046 214 aaa

6 327 8 364 t
47 319 154 392 potest
169 327 204 370 eu
221 311 412 394 compositio,
429 329 504 390 qnae
520 310 554 372 ad
571 311 756 390 Tryphonem
775 323 1046 393 patremsauctorem

6 413 8 448 t
46 397 190 458 refertur.
228 395 317 454 lorea
333 412 419 473 pares
434 397 584 474 portiones
600 406 663 455 suot
684 398 862 472 myrobalani
878 402 1044 476 magmatis,

6 495 9 531 ι
47 488 153 540 cretae
166 478 300 538 cimoliae
313 477 534 555 subcaeruleae‚
549 498 652 538 nucum
670 499 842 558 amararum,
854 483 965 542 farinae
980 482 1045 542 hor·

6 579 9 617 ι
46 562 96 622 dei
112 572 201 641 atque
218 564 290 638 ervi,
308 561 421 622 struthii
431 561 499 639 albi,
515 562 641 623 sertulae
655 581 809 642 campanae
822 568 954 626 seminis:
971 585 1045 643 quae

6 648 146 704 rcomnia
161 646 300 722 contrita,
317 645 404 705 melle
420 664 503 725 quam
518 647 695 708 amarissimo
714 659 869 730 coguntur,
885 649 1044 727 illitumque

8 753 10 786 ι
47 747 197 810 vespere,
211 747 294 790 mane
310 729 423 790 eluitur.

406 983 589 1046 OAPUT
626 985 691 1044 VI.

392 1097 429 1146 Dc
454 1080 582 1148 oculorum
605 1097 708 1148 morbis.

6 1257 9 1286 ι
117 1249 146 1309 1.
170 1247 232 1308 Sed
250 1247 324 1308 haec
341 1248 455 1326 quidem
471 1250 628 1310 mediocria
644 1255 718 1309 sunt.
747 1245 915 1332 Ingentibus
929 1265 999 1308 vero
1016 1257 1047 1308 et

6 1334 142 1392 tronariis
158 1330 274 1396 ausibus
292 1331 369 1392 oculi
386 1336 475 1392 nostri
491 1342 606 1410 patent:
624 1334 771 1412 quiquam
789 1349 919 1408 magnam
936 1343 1046 1410 partem

7 1439 10 1461 ι
52 1415 89 1476 ad
104 1417 182 1474 vitae
197 1416 280 1476 simul
297 1424 325 1476 et
340 1435 420 1475 usum
435 1425 464 1476 et
479 1417 659 1477 dulcedinem
672 1415 840 1490 conlocant,
857 1434 963 1476 summa
981 1433 1049 1476 cura
1119 1434 1134 1446 ·

51 1499 152 1560 tuendi
168 1508 241 1559 sunt.
268 1498 400 1559 Protinus
417 1509 510 1560 autem
525 1510 588 1561 orta
603 1499 785 1580 lippitudine,
806 1498 946 1576 quaedam
962 1509 1048 1560 notae

50 1590 133 1660 sunt,
155 1601 193 1642 ex
215 1582 337 1660 quibus,
359 1583 426 1663 quid
454 1593 622 1644 eventurum
644 1585 696 1659 sit,
724 1579 866 1658 colligere
893 1585 1047 1660 possimus.

53 1665 126 1726 Nam
143 1668 165 1726 si
179 1667 262 1726 simul
278 1675 306 1726 et
323 1667 439 1728 lacrima
456 1677 485 1726 et
496 1675 589 1728 tumor
605 1677 634 1728 et
647 1684 746 1728 crassa
762 1667 862 1743 pituita
878 1667 1048 1748 coeperint;

23 1751 81 1809 resi
102 1767 138 1810 ea
159 1751 258 1828 pituita
279 1751 415 1812 lacrimae
435 1753 521 1812 mixta
548 1761 607 1821 cst;
632 1769 726 1828 neque
742 1749 858 1809 lacrima
878 1749 970 1809 calida
986 1759 1047 1825 est,
1149 1779 1153 1790 ·

54 1834 156 1912 pituita
170 1851 242 1894 vero
256 1833 320 1894 alba
336 1843 366 1894 ct
380 1835 494 1912 mollis,
510 1844 603 1895 tumor
617 1852 674 1894 non
691 1834 791 1910 durus,
808 1833 914 1910 longae
938 1833 1047 1894 valetu-

54 1917 129 1976 dinis
144 1926 237 1976 metus
257 1935 315 1978 non
337 1927 390 1978 est.
422 1918 461 1978 m
476 1920 501 1978 si
516 1919 633 1978 lacrima
649 1917 736 1978 multa
752 1926 781 1976 et
797 1916 904 1994 calida,
928 1918 1048 1994 pituitae

6 2011 8 2048 t
55 2001 188 2079 paulum,
203 2011 296 2060 tumor
310 2001 515 2078 modicus-est,
531 2002 616 2080 idque
631 2004 659 2060 in
674 2018 731 2061 uno
747 2001 834 2059 oculo
849 2010 908 2068 cst;
930 2001 1048 2078 longum

6 2095 8 2130 t
55 2084 99 2161 id,
115 2084 168 2144 sed
185 2087 247 2144 sine
267 2085 414 2164 periculo,
436 2085 560 2145 futurum
576 2095 630 2144 est.
659 2083 749 2166 quue
766 2083 942 2162 lippitudinis
957 2101 1050 2160 genus

22 2169 170 2227 aominime
188 2169 366 2228 cumdolore
381 2177 441 2239 cst;
457 2169 509 2237 sed
523 2171 571 2229 vix
587 2178 652 2228 ante
667 2169 834 2228 uicesimum
850 2167 925 2227 diem
942 2167 1051 2226 tollitur

6 2295 7 2298 κ
57 2250 328 2332 (praerutilum
345 2269 552 2330 nonnumquam
567 2271 620 2333 per
632 2252 704 2312 duos
717 2269 832 2311 menses
845 2250 936 2310 durat.
954 2249 1049 2323 Quan-

55 2335 216 2414 documque
232 2335 335 2414 linitur,
350 2338 448 2416 pituita
464 2336 529 2397 albo
546 2346 574 2396 et
589 2335 684 2396 mollis
696 2353 763 2394 esse
776 2334 884 2412 incipit,
901 2334 1050 2394 lacrimae-

56 2437 112 2496 que
134 2421 281 2478 miscetur.
317 2420 356 2479 Αι
377 2422 402 2480 sl
423 2421 505 2480 simul
527 2438 562 2480 ea
577 2427 726 2497 utrumque
743 2417 855 2478 oculum
871 2420 1050 2494 invaserunt,

55 2507 153 2581 potest
182 2521 249 2562 esse
274 2503 407 2579 brevior,
439 2506 491 2564 sed
517 2503 675 2583 periculum
696 2503 824 2580 ulcerpm
849 2510 903 2561 est.
948 2500 1051 2561 Pituita

21 2596 153 2647 stantem
173 2589 251 2646 sicca
274 2597 303 2646 et
323 2588 399 2647 arida
424 2588 554 2648 dolorem
574 2588 692 2666 ,quidem
713 2596 824 2662 movet,
849 2586 900 2646 sed
915 2586 1052 2646 maturius

58 2669 175 2738 desinit;
193 2672 247 2730 nisi
263 2671 330 2749 quid
345 2667 535 2732 enulceravlt.
559 2672 665 2732 Tumor
679 2689 814 2748 magnus,
832 2672 855 2730 si
872 2671 934 2730 sine
949 2669 1052 2730 dolore

58 2763 120 2830 est,
137 2764 167 2814 et
183 2756 373 2832 siccuspsine
389 2756 449 2814 ullo
465 2756 597 2834 periculo
615 2765 675 2816 est:
700 2757 724 2815 si
741 2756 837 2835 siccus
850 2754 981 2833 quidem,
999 2751 1052 2812 sed

58 2827 240 2898 cumdolore
257 2848 316 2913 est,
339 2841 403 2900 fere
418 2841 580 2909 exulcerot3
609 2849 637 2900 et
652 2855 860 2916 nonnumquam
878 2855 915 2896 ex
929 2855 966 2896 eo
983 2853 1052 2894 casu
1094 2899 1096 2902 ,

59 2923 104 2997 tit,
131 2929 162 2982 ut
183 2922 323 3001 palpebra
346 2941 409 2982 com
432 2925 518 2983 oculo
541 2925 706 3001 glutinetur.
742 2921 880 2997 Ejusdem
902 2919 1051 2978 exulcera-

26 3007 143 3071 setionis
164 3007 298 3066 timonio
319 3006 468 3086 palpebris
490 3007 646 3087 pupillisve
671 3014 731 3080 est,
756 3004 803 3064 ubi
819 3021 906 3081 super
921 3019 1052 3078 magnum

58 3089 188 3150 dolorem
209 3091 343 3151 lacrimae
364 3091 459 3150 salsae
482 3091 652 3170 calidaeque
670 3096 751 3158 euut;
776 3095 822 3146 aut
844 3088 927 3146 etiam
948 3089 989 3161 si,
1012 3096 1052 3146 to·

58 3191 138 3234 more
156 3175 216 3250 jam
238 3175 333 3250 linito,
366 3175 411 3234 diu
434 3169 549 3234 lacrima
578 3193 641 3233 cum
668 3171 767 3250 pituita
796 3169 922 3248 produit.
967 3169 1053 3248 PeJus

60 3260 209 3318 etiamnum
231 3267 292 3336 est,
314 3259 363 3318 ubi
386 3260 487 3337 pituita
503 3258 610 3337 pallida
625 3265 671 3316 aut
687 3255 772 3316 livida
788 3263 850 3330 est,
875 3255 991 3316 lacrima
1007 3271 1052 3313 ea·
1111 3249 1116 3257 '

60 3341 115 3402 lido
140 3351 169 3401 et
190 3341 276 3401 multa
297 3343 428 3421 produit,
451 3351 537 3420 caput
553 3342 645 3414 calet,
673 3339 885 3418 atemporilrus
901 3338 936 3398 ad
951 3335 1054 3397 oculos

28 3425 144 3491 eedolor
167 3429 317 3504 pervenit,
346 3435 483 3486 nocturna
506 3425 605 3503 vigilia
632 3433 731 3502 urget:
764 3423 903 3501 siquidem
931 3420 984 3486 sub
1009 3419 1053 3481 his

109 3531 216 3570 consus.
295 3521 298 3526 “
811 3509 847 3570 15
