2392 3906
376 193 446 242 nm.
458 193 495 241 11.
511 193 586 242 cur.
603 193 659 243 xv.
678 195 749 244 xvi.
1019 183 1057 244 ot

60 365 102 408 ex
118 355 184 406 toto
199 364 349 426 numquam
360 350 470 424 gestari
483 366 590 427 eorpus
602 349 705 410 dolens
719 348 815 427 debet,
831 353 894 412 sive
905 348 934 410 id
946 350 974 409 in
986 357 1061 427 toto,

59 431 128 490 sive
151 433 181 490 in
204 441 286 508 parte
307 441 365 501 est;
390 433 444 492 nisi
458 441 552 493 tamen
567 433 638 492 solis
653 436 750 493 nervis
771 433 950 502 dolentibus;
966 451 1062 512 neque

59 532 202 592 umquam
224 517 407 576 increscente
429 515 528 594 febre,
553 516 605 577 sed
619 520 648 577 in
662 519 832 578 remissione
848 520 920 594 eJ'us.
949 517 1062 578 Genera

60 608 163 659 autem
178 601 349 676 gestationis
364 600 447 678 plura
463 610 542 670 sunt;
566 619 639 679 quae
655 601 815 662 adhibenda
829 611 894 662 sunt
909 609 939 661 et
954 619 1007 680 pro
1022 603 1061 660 vi·

36 683 148 742 suibus
166 681 322 762 cujusque,
344 693 374 744 et
389 701 442 761 pro
460 685 577 763 opibus;
598 704 634 745 ne
656 695 703 745 ant
722 684 895 746 imbecillum
918 686 1062 746 bominem

60 767 151 826 nimis
168 765 309 844 digerant,
326 777 374 827 aut
389 767 486 828 humili
503 769 605 829 desint.
634 769 791 831 Lenissima
807 778 852 829 est
869 771 952 846 navi,
966 770 1015 829 vel
1033 771 1062 828 in

62 859 171 930 portu,
193 851 240 910 vel
261 853 289 910 in
312 851 441 919 llumine;
463 852 661 912 vehementior
679 853 728 914 uel
748 856 776 913 in
797 855 854 914 alto
871 853 944 932 (vid.
961 871 990 932 p.
1010 853 1061 928 65,

1 971 5 982 ·
61 935 84 994 l.
105 934 182 1012 38),
199 935 246 994 vel
268 935 388 1002 lectica:
408 938 558 996 etiamnum
576 939 672 997 acrior
694 938 838 998 vehiculo.
871 938 968 1016 Atque
989 938 1063 997 baec

64 1021 133 1098 ipsa
148 1027 178 1078 et
192 1019 303 1092 intendi
314 1029 343 1078 et
357 1019 439 1080 leniri
457 1029 586 1098 possunt.
619 1023 649 1081 Si
661 1022 730 1082 nihil
742 1023 842 1082 borum
855 1031 910 1098 est,
926 1020 1063 1101 suspendi

34 1103 163 1164 selectus
182 1102 284 1181 debet,
304 1113 333 1164 et
352 1105 479 1164 moveri:
502 1109 526 1165 si
547 1123 583 1166 no
605 1104 632 1165 id
658 1106 771 1184 quidem
792 1116 852 1184 est,
874 1115 902 1166 at
922 1116 1000 1166 certe
1016 1105 1063 1178 uni

72 1187 139 1265 pedi
153 1186 361 1263 subjiciendum
376 1187 542 1249 fulmentum
558 1199 613 1265 est,
630 1199 715 1268 atque
730 1193 769 1250 ita
782 1191 876 1250 lectus
887 1189 942 1249 hnc
955 1199 984 1250 et
994 1190 1063 1249 illuc

68 1289 152 1330 manu
168 1272 359 1351 impellendus
377 1274 433 1352 (cl.
451 1272 530 1333 Orib.
546 1273 578 1334 Τ.
596 1273 618 1349 l,
635 1293 663 1354 p.
680 1274 768 1353 661).

130 1355 171 1416 Et
184 1356 259 1416 lenia
270 1356 383 1435 quidem
394 1375 504 1434 genera
516 1359 732 1418 exercitationis
744 1359 862 1419 infirmis
875 1360 1048 1420 conveniunt

64 1440 233 1501 valentiora
257 1457 327 1500 vero
348 1443 400 1518 iis,
424 1443 471 1519 qui
490 1445 550 1517 jam
572 1443 701 1521 pluribus
723 1442 823 1503 diebus
844 1443 927 1504 febre
950 1442 1064 1502 liberati

30 1541 56 1581 rs
66 1533 149 1592 sunt;
167 1525 272 1600 antiis,
288 1525 335 1603 qui
351 1527 480 1602 gravium
493 1526 656 1586 morborum
673 1529 750 1586 initia
765 1529 807 1586 sic
825 1529 959 1601 sentiunt,
977 1535 1006 1584 ut
1017 1525 1063 1586 ad·

66 1609 124 1669 buc
143 1608 229 1668 febre
244 1617 364 1685 vacent,
387 1609 464 1687 quod
480 1619 509 1669 et
527 1611 555 1668 in
571 1610 656 1686 tabe,
678 1620 706 1669 et
720 1612 749 1669 in
765 1611 904 1670 stomachi
921 1611 1014 1685 vitiis,
1036 1616 1065 1669 et

66 1711 154 1772 quum
169 1698 244 1770 aqua
261 1702 354 1752 cutem
370 1693 469 1769 subiit,
491 1703 520 1752 et
533 1693 673 1754 interdum
686 1697 714 1753 in
729 1693 831 1754 morbo
847 1697 929 1771 regio
951 1695 996 1762 iit;
1018 1699 1066 1753 aut

63 1777 116 1836 nbi
134 1775 250 1854 quidam
269 1776 375 1852 morbi,
393 1777 485 1856 qualis
502 1779 669 1852 comitialis,
692 1779 784 1857 qualis
799 1779 907 1838 insania
922 1788 981 1854 est,
1003 1779 1064 1835 sine

64 1860 171 1936 lebre,
187 1861 315 1939 quamvis
331 1860 392 1937 diu,
414 1871 537 1922 manent.
567 1861 600 1922 ln
616 1861 883 1941 quibusaffectibus
900 1881 934 1922 ea
951 1878 1065 1941 quoque

30 1970 56 2010 m
64 1963 181 2022 genera
203 1940 438 2005 exercitationum
460 1947 627 2006 necessaria
647 1956 726 2020 sunt,
750 1964 823 2024 quae
848 1944 1065 2024 comprehendi·

64 2048 130 2088 mus
147 2045 184 2088 eo
200 2028 286 2105 loco,
303 2047 376 2107 quo,
400 2030 635 2107 quemadmodum
652 2030 724 2107 sani,
743 2048 836 2110 neque
852 2032 924 2090 firmi
936 2030 1068 2091 homines

65 2131 99 2172 se
116 2121 266 2188 gererent,
283 2115 483 2193 praecepimus
500 2113 538 2193 (l,
553 2114 599 2192 2).

399 2349 582 2410 CAPUT
611 2351 717 2410 XVI.

458 2465 494 2513 De
513 2465 674 2529 abstinentia.

30 2641 56 2681 25
131 2613 334 2674 Abstinentiae
357 2633 429 2678 vero
458 2617 514 2676 duo
536 2608 647 2692 genera
669 2622 748 2674 sunt:
772 2615 907 2689 alterurn,
931 2614 978 2674 ubi
998 2616 1068 2675 nihil
1149 2663 1151 2668 .

65 2699 189 2759 assumit
212 2715 318 2775 aegon
334 2699 479 2782 alterum,
502 2698 550 2760 ubi
572 2718 629 2760 non
651 2702 705 2760 nisi
728 2699 804 2778 quod
828 2708 955 2778 oportet.
986 2699 1069 2759 Initia

63 2783 378 2860 morborum-primum
400 2783 503 2844 tarnem
520 2785 651 2863 sitimque
673 2783 852 2844 desiderant:
882 2785 939 2862 ipsi
965 2784 1068 2843 deinde

62 2867 163 2928 morbi
177 2866 422 2945 moderationem,
444 2879 475 2929 ut
495 2887 590 2947 neque
614 2869 689 2930 aliud
710 2885 793 2947 quam
814 2866 947 2946 expedit,
975 2885 1069 2945 neque

63 2955 133 3028 ejus
155 2953 247 3031 ipsius
271 2954 384 3012 nimium
399 2963 538 3021 sumntum
560 2971 654 3031 neque
679 2955 752 3011 enirn
775 2953 908 3010 convenit
925 2953 1007 3025 juxta
1028 2953 1068 3010 in·

29 3037 167 3103 mediam
184 3039 314 3114 protinus
329 3039 487 3098 satietatem
504 3055 580 3096 esse.
614 3036 698 3111 Quod
723 3038 748 3095 si
771 3038 848 3093 sanis
868 3052 984 3113 quoque
1006 3052 1069 3094 cor·

63 3121 193 3201 poribus
209 3122 307 3180 inutile
323 3131 377 3198 est,
393 3122 441 3181 ubi
453 3123 547 3200 aliqua
562 3123 722 3180 necessitas
737 3119 839 3178 iamem
855 3119 939 3183 feeit:
964 3129 1069 3197 quanto

62 3205 198 3266 inutilius
215 3207 304 3265 estin
321 3223 447 3284 corpore
467 3207 552 3274 etiam
568 3201 681 3282 aegro?
706 3203 808 3281 Neque
827 3202 885 3263 ulla
906 3221 954 3262 res
977 3205 1069 3280 magis

64 3289 189 3366 adjuvat
205 3288 396 3367 laborantem,
420 3307 505 3368 quam
525 3289 697 3366 tempestiva
718 3286 897 3346 abstinentia.
925 3287 1069 3365 Intempe-

64 3383 170 3434 rantes
192 3372 329 3433 bomines
344 3373 419 3452 apud
442 3391 496 3434 nos
519 3375 575 3452 ipsi
594 3371 648 3432 eibi
669 3379 797 3448 tempora
813 3370 977 3430 curantibus
993 3371 1069 3430 dant.

31 3480 56 3521 ss
64 3459 184 3518 Rursus
205 3457 257 3528 alii
275 3466 406 3535 tempora
426 3457 546 3520 medicis
569 3474 621 3535 pro
645 3454 720 3514 dono
742 3457 902 3530 remittunt,
924 3454 1069 3532 sibiipsis
