2372 3892
169 201 230 265 330
463 211 496 260 ε.
512 210 543 263 c.
561 209 660 261 ceusu
674 207 867 262 usorcrusn

169 387 207 430 ex
218 365 317 443 icbre,
333 381 407 444 quae
421 365 470 426 ubi
484 365 641 427 mediocria
657 374 736 444 sunt,
757 365 808 426 iiia
822 364 879 426 aite
894 361 1076 424 descendisse
1086 377 1125 420 nou

169 457 275 533 potest.
305 450 484 510 Manifestior
495 459 590 511 tamen
604 449 705 510 adacta
726 450 842 511 terebra
867 447 914 508 tit:
929 465 994 507 nam
1015 445 1071 506 bnis
1086 445 1127 504 vitii

169 545 228 611 est,
249 534 297 594 ubi
319 534 417 595 scobis
439 537 521 611 nigra
542 552 609 594 esse
629 533 723 594 desiit.
753 533 860 611 Igitur,
878 533 902 592 si
921 533 1020 593 caries
1034 528 1127 588 alteia

168 618 291 695 scandit,
308 637 361 698 per
376 617 519 679 terebram
534 619 664 694 urgenda
681 617 793 677 crebris
807 615 1000 678 foraminibus
1016 623 1064 690 εει,
1077 629 1129 691 quot

168 701 315 764 altitudine
340 705 437 762 uitium
462 710 601 780 aequent:
626 710 683 761 tum
703 701 730 761 in
756 719 791 761 ea
813 701 955 760 foramina
986 695 1141 758 demittendi
1167 726 1168 729 κ

170 785 520 847 candentia·ierrameota
549 794 629 861 sunt,
659 784 753 845 donec
778 785 886 845 siccum
910 802 948 843 οε
970 801 1010 843 ex
1025 781 1129 841 totuin

168 870 257 930 Simul
273 871 348 929 euim
371 870 525 950 posthaec
542 878 571 927 et
586 869 750 929 resolvetur
764 868 800 928 ab
817 868 960 928 inferiore
977 884 1053 942 osse,
1066 862 1130 942 quud·

170 970 291 1032 cumque
306 955 433 1014 vitiatum
449 961 508 1022 est;
525 961 554 1012 et
571 953 690 1011 issimus
707 969 793 1012 carne
811 951 993 1031 replebitur;
1015 958 1043 1010 et
1057 946 1131 1006 bunor

169 1047 217 1097 aut
232 1037 326 1096 nullus
341 1046 443 1114 postea
460 1037 586 1113 ieretor,
606 1045 653 1096 aut
679 1035 843 1096 mediocris.
879 1036 930 1094 Sin
954 1043 1052 1094 autem
1069 1032 1130 1106 nigri

169 1122 242 1194 ties,
273 1118 307 1178 ad
328 1119 446 1179 alteram
464 1136 581 1207 quoque
603 1128 713 1197 partem
729 1121 805 1179 ossis
819 1120 949 1194 transiit,
976 1123 1148 1197 asportetur

170 1201 236 1262 cidi.
268 1204 360 1278 Atque
375 1202 449 1261 idem
471 1220 586 1281 quoquc
604 1205 632 1262 iu
648 1206 740 1280 carie,
759 1202 795 1264 ad
812 1201 932 1263 alteram
948 1211 1060 1281 partem
1078 1196 1132 1258 ossis

169 1293 337 1364 penetrante
358 1285 419 1346 deri
436 1296 542 1363 potest.
560 1286 627 1364 Sed,
642 1287 720 1364 quod
738 1295 827 1346 totum
841 1286 973 1346 vitiatum
992 1294 1078 1344 totum
1089 1282 1132 1340 exi

169 1367 298 1428 mendum
313 1377 372 1429 est:
389 1371 412 1429 si
427 1370 547 1429 inferior
564 1387 631 1448 pars
646 1372 759 1447 integra
776 1378 830 1447 cst,
846 1379 982 1446 eatenus,
1000 1366 1074 1447 quod
1087 1381 1132 1424 cor·

168 1461 278 1531 ruptum
295 1460 354 1529 est,
371 1453 465 1514 excidi
487 1453 582 1512 debet.
614 1453 685 1512 item
708 1455 769 1514 sive
791 1453 909 1531 capitis,
934 1455 1003 1512 sire
1030 1450 1132 1530 pector'u

169 1553 213 1613 os,
231 1538 293 1596 sive
310 1545 390 1596 costa
406 1538 519 1598 cariosa
535 1546 589 1612 εει,
606 1536 711 1596 inutilis
726 1538 801 1596 ustio
816 1545 871 1612 est,
889 1525 929 1596 cf
932 1532 1085 1596 excidendi
1098 1541 1149 1588 net

169 1621 291 1680 cessitas
318 1628 371 1680 cst.
405 1620 507 1699 Neque
533 1620 664 1679 audiendi
680 1629 744 1679 sunt
759 1623 823 1698 qui,
851 1636 921 1679 osse
936 1619 1061 1692 nudato,
1076 1615 1130 1674 dien

167 1705 281 1762 tertium
295 1713 476 1782 exspectant,
502 1712 532 1762 ut
552 1713 620 1762 tunc
638 1703 785 1764 excidant:
810 1712 877 1764 ante
900 1702 1131 1764 inflammationem

169 1787 243 1844 enim
258 1787 342 1844 tutius
364 1789 456 1847 omnia
480 1795 643 1847 tractantur.
672 1787 784 1866 ltaque,
807 1795 942 1865 quantum
963 1786 1030 1846 tieri
1046 1787 1129 1862 potest

169 1868 273 1928 eodem
290 1881 433 1933 momento
456 1880 485 1930 et
507 1873 579 1930 cutis
594 1870 744 1930 incidenda
768 1879 828 1947 est,
852 1878 881 1932 et
896 1887 930 1929 οε
947 1865 1129 1946 detegendun,

169 1959 199 2010 et
213 1953 288 2010 omni
312 1953 380 2013 vitio
402 1954 578 2015 liberandum
599 1963 651 2013 est.
691 1953 849 2032 Longeque
875 1951 1148 2032 perniciosissimi

168 2043 229 2108 est,
245 2034 321 2113 quod
338 2039 365 2096 in
381 2056 447 2098 osse
463 2039 593 2116 pectoris
610 2045 668 2096 est:
696 2040 762 2116 quia
776 2039 836 2115 vix,
861 2037 974 2098 etiamsi
990 2045 1071 2098 recte
1084 2049 1129 2094 ces

139 2182 141 2186 ,
168 2119 204 2177 sit
221 2120 339 2199 curatio,
357 2141 454 2183 veram
470 2123 620 2183 sanitatem
634 2120 737 2182 reddit.

506 2361 691 2422 CAPUT
728 2360 807 2420 111.

492 2477 622 2536 Quomodo
642 2491 671 2527 os
688 2475 826 2527 excidatur.

232 2622 382 2692 Exciditur
395 2641 467 2684 vero
484 2643 518 2684 os
535 2625 646 2686 dnobus
658 2626 768 2692 modis:
793 2624 985 2706 siparvulum
1003 2635 1057 2701 εει,
1070 2617 1146 2701 quotu

53 2769 57 2774 ,
145 2703 275 2776 ‚laesum
303 2715 363 2781 est,
388 2707 532 2788 modiolo,
558 2727 640 2787 quam
663 2705 828 2788 χοινικίδα
851 2709 954 2770 Graeci
976 2716 1092 2770 vocum:
1111 2703 1128 2760 si

167 2789 340 2868 spatiosius,
368 2788 500 2850 terebris.
539 2793 694 2871 Utriusque
717 2793 857 2852 rationem
883 2810 1055 2871 proponam.
1082 2788 1126 2848 bio

165 2871 261 2934 diolus
287 2875 488 2934 ferramentum
512 2892 685 2952 concavum,
713 2885 792 2936 teres
817 2884 879 2951 est,
910 2876 973 2934 imis
1003 2877 1062 2936 oris
1081 2887 1126 2931 ser
1175 2899 1176 2918 ι

164 2966 271 3028 ratum;
303 2975 357 3038 per
380 2958 457 3036 quod
484 2959 608 3018 medium
628 2959 744 3034 clavus,
778 2960 844 3041 ipse
866 2975 981 3036 quoque
1008 2958 1139 3019 interiora,
1175 2967 1176 2978 ¹

165 3041 237 3100 orbe
258 3043 384 3117 cinctus,
409 3041 571 3101 demittitur.
616 3042 805 3102 Terebrarum
833 3050 926 3100 autem
955 3042 1013 3102 duo
1036 3045 1145 3118 generat
1175 3057 1176 3060 ¹

165 3133 244 3181 sunt:
283 3125 402 3183 aiterum
431 3125 524 3184 simile
544 3126 588 3202 ei,
619 3143 676 3203 quo
703 3124 776 3185 fabri
798 3134 926 3184 utuntur:
955 3126 1072 3185 aiterum
1091 3135 1125 3179 ca·

161 3203 246 3280 'pituli
279 3205 438 3284 longioris,
477 3208 553 3286 quod
582 3207 618 3268 ab
653 3218 737 3268 acuto
769 3225 906 3268 mucrone
942 3209 1055 3287 incipit,
1088 3203 1124 3263 ie

164 3287 230 3346 inde
247 3285 341 3345 subito
366 3289 448 3349 latius
465 3293 513 3358 dt;
535 3301 620 3370 atque
645 3293 746 3352 iterum
768 3291 804 3351 ab
821 3291 878 3352 alio
898 3292 1039 3371 principio
1056 3285 1124 3368 paulu

164 3372 255 3428 minus
282 3387 364 3447 quam
385 3373 544 3451 aequaliter
563 3393 674 3434 sursum
698 3375 842 3454 procedit.
877 3375 907 3434 Si
930 3375 1028 3436 uitium
1047 3377 1072 3433 iu
1087 3388 1122 3430 uu·

163 3463 248 3530 gusto
266 3461 324 3532 est,
351 3454 426 3534 quod
443 3457 689 3535 comprehendere
715 3458 857 3520 modiolus
874 3460 983 3538 possit,
1008 3459 1056 3520 ilie
1079 3469 1143 3536 pos
