2396 3904
324 177 394 239 um:
408 189 483 240 vm.
496 189 570 240 cue.
586 189 750 238 x111-xv.
944 177 1005 241 355
1092 163 1106 178 “

22 346 161 422 medium,
178 352 206 405 et
223 343 331 405 duabus
344 343 557 420 membranulis,
573 361 647 422 quoe
661 361 715 422 per
738 343 811 404 duos
835 363 851 405 u
866 343 1005 406 lateribus

22 447 180 510 processus
195 429 344 505 feruntur,
368 437 396 488 et
415 430 528 505 nervis,
544 430 591 506 qui
609 428 770 507 continent,
784 429 888 505 ruptis.
918 429 1004 490 Exci-

22 513 90 574 dunt
104 521 197 572 eutem
214 521 243 572 et
259 514 286 571 in
300 513 492 590 posteriorem
506 521 632 591 partem,
652 515 722 571 etin
739 513 865 590 priorem
875 535 882 582 ;
908 522 937 572 ct
955 529 1004 572 ¹su-

22 605 201 676 preceptum
218 605 425 673 transversum,
442 605 470 655 et
491 596 573 655 inire.
606 593 638 655 In
658 603 749 655 utrum
763 606 872 672 perlem
888 596 1003 656 excide·

22 681 89 755 rint,
104 679 296 759 aposteriore
311 688 394 757 parte
410 679 456 739 vel
473 688 575 754 tumor,
589 677 639 738 vel
653 679 730 738 sinus
745 681 843 738 oritur.
870 680 900 738 Si
917 697 1004 759 super

22 772 134 841 septum
150 763 178 823 id
193 763 304 833 incidit,
317 779 415 822 manus
430 763 628 837 resolvuntur,
644 763 783 836 vomitus,
798 767 854 822 'aut
869 763 1003 836 distentio

22 864 173 906 nervorum
188 847 362 925 insequitur,
379 847 493 924 spiritus
513 844 667 905 difficulter
688 854 834 921 movetur,
859 846 943 905 dolor
957 865 1002 905 ur-

22 937 89 1005 get,
107 937 135 988 et
151 948 234 989 aures
250 929 370 989 olitusae
393 938 466 988 sunt.
497 930 526 988 Si
545 927 597 988 sub
614 937 709 1006 septo,
727 929 831 990 lemine
853 929 1002 989 resolvun-

22 1021 82 1087 tur,
103 1014 181 1072 urina
196 1013 397 1090 supprimitur,
420 1011 560 1071 interdum
580 1011 663 1070 etium
681 1013 741 1070 sins
764 1012 911 1072 voluntate
934 1030 1001 1090 pro·

22 1096 133 1172 rumpit.
163 1095 209 1155 Ex
226 1094 366 1169 ejdemodi
384 1094 514 1170 casibus,
533 1104 561 1154 ut
576 1095 700 1170 tardius,
723 1112 805 1172 quum
829 1113 866 1154 ex
888 1098 1001 1173 cupitis,

22 1179 63 1236 xic
82 1187 176 1237 tumen
190 1180 260 1238 iutra
276 1178 398 1237 triduum
409 1178 495 1237 homo
511 1180 638 1237 moritur.
664 1177 736 1237 Nem
752 1179 829 1256 quod
843 1177 1002 1256 Hippocra-

22 1271 64 1320 tes
80 1259 143 1338 (Dc
164 1262 252 1322 artic.
271 1262 361 1336 §tm
379 1261 412 1321 Τ.
431 1261 472 1321 1v
487 1278 515 1339 p.
534 1259 610 1338 208)
638 1260 716 1337 dixit,
732 1261 867 1321 vertebra
879 1263 907 1319 in
922 1272 1002 1321 exte·

22 1345 126 1404 riorem
140 1354 248 1422 partem
263 1343 539 1424 prolapse,pronum
555 1343 696 1402 hominem
712 1343 910 1404 collocandum
925 1363 1000 1414 esse,

22 1437 49 1487 et
64 1427 290 1503 extendendum,
305 1435 363 1485 tum
379 1427 461 1486 calce
483 1427 606 1503 aliquem
623 1443 711 1504 super
725 1427 817 1504 ipsum
839 1443 873 1486 os
893 1426 1001 1486 debere

22 1513 192 1586 consistere,
209 1517 238 1570 et
250 1510 277 1569 id
294 1511 367 1569 intus
383 1508 550 1586 impellere:
564 1509 593 1567 in
607 1511 642 1568 iis
653 1509 849 1587 accipiendum
865 1519 919 1587 est,
928 1527 1004 1588 quae

22 1593 133 1671 reulum
147 1601 351 1661 excesserunt;
366 1610 424 1651 non
439 1593 532 1668 iniis,
550 1609 624 1670 qnae
640 1600 718 1652 totae
734 1593 802 1653 loco
817 1602 911 1653 motae
927 1601 1000 1652 sunt.

22 1677 231 1755 llonnumqusm
253 1677 327 1736 euim
343 1692 495 1736 nervorum
514 1675 696 1735 imbecillitas
719 1677 824 1750 efficit,
841 1686 886 1754 ut,
905 1693 1000 1756 quern·

22 1761 60 1820 ris
79 1779 136 1820 non
159 1760 298 1820 exciderit
318 1758 470 1836 vertebru',
491 1759 605 1837 paulum
625 1768 719 1819 tumen
743 1768 790 1819 uut
812 1763 839 1820 in
858 1760 1000 1838 posterio-

21 1861 87 1920 ·em,
103 1853 150 1903 aut
166 1845 193 1903 in
211 1843 337 1922 priorem
351 1850 460 1920 partem
481 1843 649 1919 promineat.
681 1841 712 1901 ld
727 1861 785 1903 noo
799 1844 926 1920 jugulat:
948 1843 1001 1903 sed

22 1925 53 1988 rb
74 1928 211 1986 interiore
233 1935 314 2004 purte
336 1944 373 1987 ne
396 1927 521 2001 contingi
539 1925 652 2012 quidem
667 1934 779 2001 potest:
802 1926 837 1986 ab
854 1929 1001 1987 exteriore

23 2010 39 2068 ιῑ
56 2009 224 2088 propulsum
241 2018 295 2085 est,
314 2009 482 2088 plerumque
497 2009 599 2067 iterum
615 2009 704 2078 redit;
723 2010 794 2088 uisi,
811 2009 888 2088 quod
902 2010 1000 2071 admo·

23 2093 82 2154 lum
99 2111 193 2155 rurum
210 2102 266 2172 est,
282 2093 327 2152 vis
345 2092 443 2152 nervis
464 2093 596 2151 restitute
614 2099 666 2150 est.

346 2211 543 2288 CAPUT
581 2223 670 2286 XV.

374 2309 411 2358 De
428 2309 536 2359 humero
548 2309 643 2359 luxato.

77 2390 217 2450 Humerus
233 2398 325 2450 eutem
341 2388 473 2449 modo'in
489 2391 562 2450 elem
587 2388 709 2464 excidit,
732 2388 817 2448 rnodo
840 2389 868 2447 in
890 2397 1000 2466 purtem

25 2474 150 2534 trionem·
182 2475 212 2533 Si
238 2475 265 2532 in
286 2474 359 2532 ulem
375 2473 511 2552 delapsus
529 2482 589 2549 est,
613 2472 725 2533 cubitus
747 2471 859 2531 recedit
874 2472 909 2531 ub
927 2472 998 2531 late·

26 2579 60 2625 ος
78 2574 189 2616 sursum
204 2557 296 2630 Juxta¹
309 2557 437 2631 ejusdem
452 2557 541 2634 pertis
564 2574 663 2616 aurern
679 2574 742 2615 cum
757 2555 875 2616 humero
889 2555 1000 2635 porrigi

26 2659 70 2702 on
86 2639 500 2724 potest;longiusqueleltero
522 2639 718 2700 idhrachium
734 2648 788 2699 est.
819 2641 849 2699 Si
869 2640 898 2698 in
918 2639 998 2717 prio·
1080 2699 1082 2704 ,
1120 2659 1122 2664 ·

27 2741 74 2784 ern
94 2732 221 2801 purtem,
243 2741 380 2782 summum
401 2723 516 2801 quidem
535 2723 682 2783 brachium
703 2723 880 2800 extenditur,
908 2723 999 2782 minus

27 2824 110 2868 emen
126 2824 211 2884 quarn
235 2806 416 2874 naturaliter;
447 2806 650 2884 difficiliusque
670 2808 699 2865 in
728 2807 854 2884 priorem
877 2814 999 2883 partem,-

31 2907 98 2949 unm
113 2889 141 2948 in
157 2891 349 2968 posteriorem
366 2889 477 2949 cubitus
498 2883 665 2967 porrigitur.
696 2889 801 2965 Igitur,
828 2890 852 2947 si
874 2889 903 2945 in
926 2887 999 2946 elem

29 2990 146 3032 umerus
163 2972 285 3047 excidit,
302 2981 331 3032 et
347 2973 395 3032 vel
412 2972 523 3051 puerile
539 2972 692 3032 adhuc-est
707 2989 831 3048 corpus,
847 2971 895 3030 vel
910 2970 999 3031 molle

28 3064 110 3130 erte,
133 3064 161 3114 et
183 3055 335 3116 imbecillis
351 3057 448 3115 nervis
466 3057 602 3115 intentum
617 3064 678 3128 est,
701 3055 770 3114 satis
787 3063 832 3113 cst
850 3053 998 3114 collocare

28 3137 37 3200 l
56 3139 85 3196 in
102 3138 205 3206 sedili3
223 3148 253 3199 et
275 3157 311 3198 ex
323 3137 435 3199 duobus
450 3140 585 3197 ministris
601 3137 684 3197 alteri
695 3138 849 3215 imperare,
865 3145 894 3198 ut
912 3145 1000 3216 cuput

29 3221 63 3281 nti
80 3221 265 3300 scapularum
281 3223 355 3282 ossis
371 3222 476 3282 leniter
488 3221 608 3281 reducat
623 3219 663 3300 ¹);
685 3220 784 3298 alteri,
806 3231 837 3282 ut
852 3221 999 3282 brachium

79 3349 109 3413 1)
125 3353 226 3418 Hipp-t.
238 3359 255 3406 l.
266 3357 321 3418 §22
338 3345 478 3422 ἐμβάλλων
494 3345 545 3418 τὴν
561 3343 664 3405 ἑωυτοῦ
681 3346 807 3421 κεφαλὴν
825 3324 893 3417 &scd
909 3343 998 3422 ἀκρώ-

30 3431 75 3469 uos
89 3411 263 3485 dereputetur
279 3417 369 3474 ἕνεκα.
407 3423 479 3484 Quod
496 3415 658 3476 verisimilius
669 3426 776 3474 videtne.

728 3491 791 3552 23*
890 3519 897 3526 ·
