2392 3906
382 211 450 260 nm.
466 211 503 259 11.
518 211 593 260 cnr.
612 213 708 261 xum.
1000 200 1041 262 65

42 364 175 426 demtum
197 373 258 442 est,
280 365 356 445 quod
376 355 568 442 αὐτόπυρον
588 365 690 426 Graeci
706 373 824 435 vocaut;
848 367 984 428 inilrmior
998 374 1044 427 est

39 467 81 508 ex
94 448 226 526 polline;
247 449 452 510 infirmissimus
466 449 590 508 cibarius
604 450 693 528 panis.
712 446 757 508 Ex
769 447 958 524 leguminibus
972 467 1041 510 vero

39 532 194 592 valentior
214 532 296 608 laba,
317 533 365 592 vel
382 531 531 608 lenticula,
553 551 636 611 quam
656 532 757 610 pisum.
783 530 830 591 lix
850 533 977 593 oleribus
994 551 1042 592 va·

39 617 157 676 lentior
173 633 253 694 rapa,
267 618 409 695 napique,
427 625 455 675 et
473 633 571 676 omnes
587 615 681 691 bulbi,
696 615 725 673 in
741 612 842 693 quibus
857 633 958 695 cepam
974 633 1043 695 quo·

15 718 122 778 eque,
148 708 179 759 et
198 699 294 760 allium
316 716 452 776 numeru,
477 717 560 777 quam
575 701 739 778 pastinaca,
760 698 807 757 val
825 716 899 776 qnae
916 698 1044 760 radicula

44 783 102 861 (ci.
118 782 145 857 1,
166 783 196 858 3,
214 801 242 861 p.
263 783 312 859 19,
328 783 347 842 l.
365 783 422 860 23)
438 782 615 861 appellatur:
639 783 705 843 item
722 781 827 840 lirmior
843 780 989 857 brassica,
1015 789 1045 840 et

41 866 124 943 beta,
142 875 174 926 et
187 882 313 944 porrum,
329 885 413 946 quam
429 867 553 942 lactuca,
567 865 616 926 vel
630 863 795 941 cucurbita,
810 863 857 925 val
875 881 1043 943 asparagus.

41 951 85 1010 At
107 967 147 1009 ex
168 948 307 1010 fructibus
328 949 505 1011 surculorum
528 949 703 1028 valentiores,
718 965 808 1024 uvae,
832 947 919 1024 licus,
943 965 1044 1021 nuces,

43 1033 208 1113 palmulae,
233 1051 316 1111 quam
340 1051 412 1113 quae
433 1049 519 1113 pcnra
543 1035 662 1112 proprie
682 1032 873 1092 nominantur:
897 1041 982 1110 atque
1008 1048 1046 1090 ex

7 1117 186 1195 nobisipsis
210 1117 349 1193 firmiora,
377 1135 450 1195 quae
471 1132 612 1191 succosa,
636 1133 718 1194 quam
742 1132 816 1192 quae
834 1115 949 1192 fragilia
971 1123 1059 1193 sunt..

50 1201 180 1279 Itemque
191 1217 230 1260 ex
245 1201 281 1259 iis
293 1199 402 1275 avibus,
418 1217 492 1279 quae
510 1201 539 1262 iu
554 1199 646 1260 media
662 1199 762 1277 specie
775 1207 851 1273 sunt,
870 1198 1045 1258 valentiores
1158 1228 1162 1237 ·

47 1301 120 1360 eae,
137 1301 210 1362 qnae
226 1282 365 1362 pedibus,
388 1301 473 1362 quam
489 1299 564 1361 qnae
578 1281 677 1343 volatu
692 1281 785 1358 magis
800 1283 939 1350 nituntur;
964 1291 993 1341 et
1008 1299 1046 1341 ex

43 1369 92 1444 iis,
111 1385 187 1446 quae
201 1366 299 1427 uolatu
314 1367 412 1442 lidnnt,
428 1367 569 1426 firmiores
585 1383 660 1445 qnae
674 1364 856 1441 grandiores,
872 1382 956 1443 qnam
971 1381 1046 1444 quae

42 1452 174 1510 minutae
190 1459 268 1519 sunt;
289 1459 319 1509 ut
334 1450 457 1510 ficedula
478 1459 507 1509 et
521 1449 630 1513 turdus.
660 1449 756 1526 Atque
773 1465 826 1508 eae
841 1466 957 1527 quoque
972 1465 1045 1527 quae

8 1535 76 1594 rain
98 1551 176 1612 aqua
197 1533 318 1609 degunt,
342 1534 481 1594 leviorem
503 1532 596 1592 cibum
620 1539 781 1616 praestant,
804 1549 887 1611 quam
908 1550 982 1611 qnae
998 1549 1045 1591 na·

45 1617 124 1678 tandi
148 1617 297 1676 scientiam
319 1634 374 1677 non
394 1615 509 1676 habent.
539 1614 617 1676 Inter
638 1611 810 1676 domesticas
831 1631 901 1675 vero
925 1613 1045 1694 quadm·

43 1699 140 1780 pedes
162 1699 307 1760 levissima
333 1698 417 1759 anilla
437 1707 495 1768 est;
523 1699 693 1776 gravissima
713 1697 834 1758 bubula:
857 1700 981 1776 itemque
1009 1715 1047 1758 ex

41 1785 137 1859 ieris,
162 1800 219 1861 qno
234 1785 324 1858 majus
339 1780 474 1862 qnodque
493 1782 613 1859 animal,
635 1799 672 1842 eo
687 1781 833 1842 robustior
854 1799 890 1842 ex
911 1797 947 1842 eo
965 1780 1046 1842 cibus

43 1877 101 1928 cst.
136 1866 318 1944 Pisciumque
339 1883 452 1942 eornm,
477 1867 524 1945 qui
545 1884 583 1926 cx
602 1865 696 1926 media
709 1867 828 1926 materia
847 1875 927 1941 sunt,
943 1864 1047 1944 quibus

8 1965 35 2008 ao
45 1952 175 2010 maxime
190 1952 301 2027 utimur,
313 1949 699 2027 tamengravissimisunt[iil
710 1968 746 2010 ex
757 1948 858 2027 quibua
874 1947 1047 2010 salsamenta

43 2051 167 2113 quoque
182 2033 244 2092 lieri
263 2041 393 2113 possunt,
409 2032 501 2112 qualis
515 2033 642 2094 lacertus
658 2041 717 2102 est;
740 2032 843 2093 deinde
867 2033 932 2111 qui,
949 2049 1045 2110 quam·

42 2120 90 2176 vis
113 2118 292 2192 teneriores,
314 2125 407 2177 tamen
430 2115 492 2175 duri
508 2126 588 2191 sunt,
611 2125 642 2175 ut
659 2124 773 2191 aurata,
793 2133 914 2190 corvus,
932 2133 1045 2194 sparus,

44 2199 179 2267 oculata:
194 2208 252 2258 tum
271 2199 361 2278 plaui;
380 2208 446 2277 post
462 2216 535 2277 quos
550 2200 702 2258 etiamnum
716 2199 845 2259 leviores
862 2199 938 2278 lupi,
955 2197 1045 2257 mulli·

46 2302 119 2362 que;
136 2289 248 2360 etpost
262 2282 327 2358 bos,
343 2299 443 2366 omues
461 2281 608 2342 saxatiles.
639 2279 742 2359 Neque
758 2299 830 2342 vero
849 2283 876 2340 in
889 2279 1046 2358 generibus

13 2380 40 2422 aa
50 2383 146 2424 rerum
160 2366 351 2425 tantummodo
366 2365 519 2430 discrimen
534 2375 594 2442 est,
615 2364 668 2424 sed
685 2366 768 2424 etiam
783 2366 811 2424 in
825 2365 912 2443 ipsis:
928 2363 1004 2442 qnod
1018 2371 1047 2422 et

50 2457 145 2508 aetate
160 2449 202 2524 iit,
219 2458 250 2508 et
262 2448 403 2526 membro,
419 2457 448 2508 et
463 2449 538 2524 solo,
556 2457 584 2508 ct
600 2447 697 2524 coelo,
713 2457 742 2508 et
756 2448 862 2509 habitu.
890 2447 963 2508 Nam
979 2464 1045 2525 qua·

47 2533 157 2610 drupes
176 2549 260 2591 omne
274 2531 395 2609 animal,
410 2533 434 2591 si
451 2531 563 2592 lactens
578 2542 638 2608 est,
653 2533 744 2591 minus
760 2533 885 2592 alimenti
902 2539 1045 2610 praestat:

44 2619 174 2695 itemque
199 2633 256 2693 quc
276 2617 405 2677 tenerior
418 2616 513 2694 pullus
528 2615 685 2676 cohortalis
700 2625 762 2676 est:
786 2618 814 2675 in
830 2615 959 2695 piscibus
977 2633 1045 2693 quo-

44 2717 104 2780 que
120 2697 319 2776 media‘aetas,
335 2717 408 2777 quae
423 2699 546 2760 nondum
560 2718 696 2760 summam
708 2699 931 2776 magnitudinem
946 2698 1045 2778 imple·

11 2784 99 2842 acuit.
132 2781 245 2842 Deinde
260 2799 297 2842 ex
313 2783 416 2843 eodem
432 2801 483 2844 sue
497 2784 632 2860 ungulae,
648 2793 782 2859 rostrum,
800 2801 895 2860 aures,
914 2781 1046 2842 cerebel-

42 2869 120 2934 lum;
142 2883 180 2926 ex
200 2883 294 2942 agno,
320 2866 454 2927 buedove
470 2885 532 2927 cum
549 2868 664 2944 petiolis
684 2877 771 2928 totum
796 2875 881 2945 caput
901 2866 1046 2942 aliquanto

42 2968 134 3029 quam
152 2958 249 3009 cetera
264 2950 390 3013 membra
406 2950 516 3010 leviora
534 2960 611 3010 suut:
635 2948 708 3011 adeo
729 2960 758 3010 ut
777 2952 805 3009 in
820 2950 914 3010 media
928 2949 1046 3007 materia

41 3035 119 3114 poni
138 3034 260 3112 possint.
295 3033 341 3094 Ex
357 3033 457 3096 avibus
473 3033 558 3109 colla,
575 3034 677 3094 alaeve
692 3043 771 3098 recte
787 3032 983 3092 infirmissimis
999 3048 1045 3090 an·

42 3125 242 3178 numerantur.
278 3117 361 3193 Quod
377 3117 412 3176 ad
427 3117 519 3177 solum
533 3135 605 3177 vero
622 3119 755 3196 pertinet,
773 3117 942 3176 trumentum
957 3114 1045 3192 quod·

12 3223 34 3264 ιι
42 3197 260 3280 qnevalentins
272 3210 317 3262 est
328 3201 472 3275 collinum,
484 3217 567 3279 quam
577 3209 753 3278 campestrer
767 3199 859 3259 levior
871 3201 960 3277 piscis
972 3201 1046 3257 inter

43 3302 120 3346 saxa
132 3283 235 3360 editus,
247 3301 330 3361 quam
340 3286 368 3344 in
379 3301 481 3351 arena;
497 3284 592 3343 levior
602 3284 630 3342 in
644 3301 740 3358 arena,
754 3301 837 3362 qnam
849 3284 877 3342 in
891 3282 973 3343 limo:
988 3298 1045 3358 quo

43 3370 93 3444 lit,
108 3377 138 3427 ut
155 3385 193 3426 ex
209 3377 322 3444 stagno,
337 3367 385 3428 vel
400 3367 475 3443 lacu,
488 3366 535 3425 vel
548 3366 661 3426 llnmine
677 3365 778 3426 eadem
788 3384 898 3443 genera
910 3367 1045 3444 graviora

45 3453 120 3512 sint:
137 3451 291 3529 leviorque
305 3453 396 3530 quiin
414 3449 472 3519 alto
490 3449 544 3526 (cl.
557 3468 585 3528 p.
599 3450 651 3526 61,
665 3449 683 3510 l.
701 3450 747 3529 7),
763 3467 847 3529 quam
863 3451 910 3528 qui
926 3445 1043 3509 invado

101 3554 200 3594 caesus
215 3554 233 3591 ι.
870 3533 889 3591 5
