2392 3906
132 179 190 244 126
422 191 455 240 u.
471 191 501 244 o.
520 191 619 244 occsa
633 159 846 244 manicasse

128 347 160 406 in
173 348 265 425 ltce);
287 353 374 424 caput
389 362 440 406 sae
461 363 566 424 eaque
581 346 686 423 frigida
703 348 893 426 potientem
916 365 1122 429 nonnumquam

128 431 243 491 multam
260 448 327 491 esse
342 364 513 505 radicuiam,
529 430 635 490 deiude
650 448 779 492 vomere.

465 597 647 660 olene
678 598 788 676 viu.

412 715 448 769 De
465 715 631 768 destillatione
648 731 677 767 ac
692 716 839 784 gravedine.

191 852 327 912 Destillat
360 860 454 912 autem
485 852 586 911 humor
618 853 655 912 de
682 854 776 932 capite
801 853 942 913 interdum
970 853 998 913 iu
1025 869 1144 930 nasequ

130 939 207 1017 quod
223 938 289 996 lere
304 945 363 1003 est;
383 936 521 995 interdum
537 939 565 996 iu
580 936 698 1012 fauces,
716 937 792 1016 quod
808 939 893 1016 pejus
908 944 967 1008 est;
984 935 1126 996 interdum

130 1024 215 1081 etiam
229 1022 257 1079 in
272 1020 452 1098 pulmonem,
468 1020 546 1098 quod
561 1021 716 1098 pessimum
730 1030 783 1086 est.
806 1022 837 1080 st
849 1019 876 1080 iri
887 1037 974 1080 nares
985 1019 1127 1096 destillat,

129 1109 224 1164 tenuis
248 1115 302 1184 per
319 1103 371 1162 has
387 1105 485 1181 pituita
502 1105 636 1190 prolluit,
658 1114 744 1182 caput
759 1105 865 1164 leviter
879 1103 975 1186 dolet,
996 1105 1126 1182 gravitas

131 1190 194 1264 ejus
216 1187 352 1262 sentitur,
376 1187 538 1265 frequentia
562 1197 786 1251 sternutamenta
806 1197 885 1256 suut;
917 1189 941 1248 si
961 1189 989 1246 iu
1011 1187 1126 1268 lauces,

130 1271 182 1331 has
201 1279 371 1348 exasperat,
394 1272 560 1342 tussiculam
581 1282 694 1342 movet;
714 1275 739 1332 si
761 1273 787 1330 in
803 1271 983 1352 pulmonem,
1007 1281 1126 1348 praeter
1136 1291 1157 1331 rc

131 1363 354 1415 sternutamenta
369 1364 398 1432 et
412 1358 528 1431 tussim,
544 1365 589 1415 est
601 1358 686 1415 etiam
699 1357 800 1436 capitis
812 1357 956 1433 gravitas,
973 1354 1126 1431 lassitudo,

131 1440 210 1515 sitis,
233 1449 346 1515 aestua,
367 1438 473 1500 biliosa
487 1441 577 1502 urina.
610 1440 696 1501 Aliud
711 1450 821 1516 autem,
838 1439 967 1518 quamvis
981 1455 1040 1498 nou
1055 1439 1126 1500 mul·

131 1533 188 1584 turn
201 1523 326 1600 distans,
342 1523 461 1599 malum,
478 1524 608 1601 gravedo
622 1533 675 1583 est.
696 1524 776 1584 llaec
789 1540 875 1584 nares
888 1522 1006 1598 claudit,
1020 1539 1127 1582 rocem

132 1607 277 1681 obtundit,
299 1609 399 1666 tussim
421 1609 527 1667 siccam
541 1616 655 1668 movet:
678 1607 731 1668 sub
748 1608 849 1668 eadem
864 1607 942 1667 salsa
958 1615 1004 1668 est
1020 1605 1126 1682 saliva,

23 1741 33 1762 ,
132 1700 235 1750 sonant
251 1707 358 1766 ⁴aures,
381 1709 473 1750 uenae
494 1701 644 1752 mouentur
664 1693 820 1776 incapite,
841 1690 955 1752 turbida
968 1691 1050 1750 urina
1070 1699 1157 1754 est-rc

115 1773 212 1836 llaec
227 1775 319 1834 omnia
335 1765 475 1853 κορύζας
489 1774 682 1855 Hippocrates
697 1777 824 1840 nominat
842 1771 904 1858 (De
917 1774 1016 1834 ceteri
1029 1773 1125 1838 medi·

133 1857 221 1932 cina,
249 1856 270 1931 ὅ
295 1857 364 1936 18):
386 1876 460 1916 nuno
485 1858 571 1918 video
593 1861 669 1938 apud
688 1858 816 1930 Graecos
838 1861 867 1919 in
888 1858 1048 1936 gravedine
1070 1859 1128 1918 laoc

131 1947 237 2000 nomeu
248 1941 373 2009 servari;
389 1941 612 2006 destillationem
624 1934 856 2023 κατασταγμόν
869 1943 1024 2022 appellari.
1046 1941 1128 2002 llaec

132 2035 228 2085 autem
244 2034 272 2084 et
287 2024 402 2100 brevia,
424 2035 453 2085 et
467 2027 491 2086 si
505 2027 641 2104 neglecta
655 2036 735 2103 suut,
758 2028 845 2104 longa
858 2045 924 2086 esse
938 2034 1126 2086 consuerunt.

133 2107 210 2169 Nihil
232 2108 401 2186 pestiferum
423 2119 483 2186 est,
506 2112 559 2170 nisi
582 2111 659 2190 quod
678 2111 843 2190 pulmonem
863 2110 1024 2172 exulcerat.
1070 2109 1156 2170 Ubiae

133 2192 240 2271 aliquid
257 2193 398 2269 ejusmodi
410 2195 564 2271 sentimus,
582 2196 712 2273 protinus
723 2193 870 2254 abstinere
881 2211 897 2254 a
909 2193 991 2270 sole,
1006 2193 1126 2273 balneo,

132 2279 215 2352 vino,
232 2295 340 2336 venere
356 2277 510 2343 debemus:
533 2281 608 2338 iuter
622 2296 696 2356 quae
711 2280 864 2354 unctione,
881 2286 910 2337 et
924 2286 1043 2337 assueto
1060 2276 1127 2337 cibo

133 2361 222 2422 nihilo
241 2363 333 2444 minus
355 2363 395 2420 uti
416 2362 495 2422 licet.
532 2360 735 2426 Ambulatione
756 2362 955 2436 sannuncurt,
978 2361 1033 2420 sed
1047 2369 1127 2420 tecta

133 2445 266 2506 utendum
282 2454 343 2520 est,
367 2453 396 2504 et
412 2455 479 2522 post
494 2463 556 2505 eam
575 2453 660 2522 caput
674 2453 762 2522 atque
778 2461 812 2503 os
829 2461 918 2522 supra
933 2445 1127 2523 quinquagies

133 2527 356 2606 perfricandum.
393 2527 529 2605 Raroque
550 2528 596 2602 lit,
619 2536 661 2604 ut,
683 2529 708 2586 ei
729 2525 831 2602 biduo,
857 2528 904 2588 vel
928 2537 1010 2590 certe
1031 2527 1156 2588 triduoue

134 2609 218 2669 nobis
236 2611 475 2685 temperavimus,
497 2611 525 2670 id
544 2612 639 2670 vitium
655 2628 711 2670 non
725 2609 848 2674 levetur.
886 2610 952 2684 Quo
969 2613 1087 2687 levato,
1103 2611 1128 2672 si

134 2695 163 2752 iu
186 2691 380 2752 destillatione
406 2709 505 2754 crassa
531 2694 609 2754 iacta
632 2695 733 2772 pituita
753 2704 814 2770 est,
842 2694 890 2756 rel
914 2696 943 2754 iu
966 2694 1127 2774 gravedine

134 2795 220 2836 nares
241 2776 333 2852 magis
358 2784 472 2854 patent,
504 2776 609 2837 balneo
631 2779 766 2840 utendum
788 2787 851 2854 est,
878 2780 1024 2858 multaque
1051 2795 1128 2858 aqua

134 2861 213 2940 prius
234 2859 344 2935 calida,
368 2869 435 2938 post
453 2861 585 2938 egelida,
610 2862 764 2922 fovendum
781 2880 814 2923 os
832 2872 997 2941 caputque;
1020 2861 1127 2922 deinde

135 2963 197 3007 cum
224 2945 289 3004 cibo
316 2943 449 3023 pleniore
474 2948 569 3006 viuum
592 2945 756 3007 bibendum.
801 2945 839 3005 At
863 2947 888 3006 si
912 2963 1007 3024 aeque
1031 2946 1158 3006 tenuisse

135 3039 235 3108 quarto
263 3029 309 3088 die
335 3031 435 3108 pituita
460 3039 520 3106 est,
548 3028 597 3090 vel
622 3047 707 3090 nares
730 3047 822 3108 aeque
842 3029 962 3090 clausae
982 3029 1127 3102 videntur,

136 3113 334 3174 assumendum
367 3123 412 3174 est
444 3115 538 3174 vinum
562 3115 702 3174 amineum
736 3113 796 3190 (cl.
823 3112 956 3192 Ombos,
982 3112 1016 3174 Τ.
1035 3112 1064 3190 l,
1099 3131 1126 3191 p.

136 3195 217 3275 639)
245 3205 408 3267 austerum
445 3198 550 3259 deinde
581 3216 681 3258 rursus
712 3196 798 3256 biduo
831 3215 919 3276 aqua;
955 3206 1023 3276 post
1051 3213 1127 3276 quae

136 3279 171 3340 ad
187 3278 335 3356 balneum,
356 3290 386 3340 et
401 3280 437 3340 ad
455 3282 690 3342 consuetudinem
708 3281 910 3341 revertendum
928 3290 982 3340 est.
1020 3279 1126 3359 Neque

116 3361 230 3429 'tamen
250 3361 307 3422 illis
326 3365 397 3441 ipsis
420 3365 537 3442 diebus,
562 3365 665 3444 quihus
685 3364 779 3441 aliqua
803 3364 958 3426 omittenda
974 3374 1055 3441 suut,
1074 3382 1158 3430 ert-u

136 3447 215 3526 pedit
233 3455 374 3527 tamquam
396 3465 502 3524 aegros
521 3467 622 3524 agere:
648 3447 700 3508 sed
713 3455 823 3507 cetera
845 3450 936 3511 omnia
951 3448 1033 3526 quasi
1048 3448 1135 3516 sauia,
