2444 3904
389 171 456 218 uro.
472 171 509 218 11.
525 170 600 220 cnr.
615 173 664 221 111.
679 173 725 220 rv.
1013 160 1053 226 33

54 331 147 384 totum
164 323 295 401 insudat,
317 333 346 384 et
361 327 441 402 cujus
457 325 598 386 febricula
614 342 651 386 eo
666 327 770 388 sudore
786 327 895 404 fluitur,
917 325 1052 390 securita-

52 416 114 467 tem
128 407 289 486 pollicetur
301 408 356 488 (ei.
372 408 485 488 Proqo.
501 409 581 488 §6).
622 407 851 482 Sternumentum
872 415 957 474 etiam
980 413 1053 472 inter

52 491 133 552 bona
153 492 259 552 indicia
283 502 341 568 est,
364 502 393 553 et
411 494 555 571 cupiditas
577 491 634 552 cibi
654 493 731 554 vela
748 495 838 571 primo
855 503 984 570 servata,
1004 487 1069 554 vel‘

54 578 143 636 etiem
163 584 233 654 post
256 575 399 636 fastidium
423 586 494 638 orta.
526 575 629 655 Neque
654 584 766 636 terrere
788 577 875 638 debet
896 597 930 638 ea
950 578 1051 655 febris,

34 677 136 739 cqqae
153 660 258 720 eodem
276 660 323 720 die
343 660 421 721 finita
436 669 499 728 est;
523 677 558 722 ao
573 678 610 719 ne
625 677 660 721 ea
675 661 804 738 quidem,
821 678 910 739 quae,
926 662 1051 740 quumvis

56 744 196 822 longiore
213 752 343 822 tempore
358 745 464 821 tenuit,
481 753 574 805 tamen
592 753 658 804 ante
673 745 790 804 aiteram
806 747 1003 805 accessionem
1016 763 1053 804 ex

54 837 119 887 toto
132 829 261 906 quievit,
276 831 319 889 sic
333 837 363 887 ut
376 846 483 908 corpus
497 828 655 906 integrum,
672 827 749 906 quod
765 825 935 903 attractaret
951 827 1052 890 Graeci

54 921 182 988 vocant,
199 911 292 972 fieret.
323 912 432 990 Siquis
448 921 542 972 autem
557 911 654 971 incidit
668 913 807 988 vomitus,
823 914 926 972 mixtus
942 929 1008 972 esse
1025 919 1054 972 et

55 995 119 1056 bile
142 1005 171 1054 et
194 996 295 1074 pituita
310 995 412 1066 debet;
439 1005 468 1056 et
492 996 520 1056 in
540 997 620 1055 urina
644 994 794 1056 subsidere
815 995 924 1072 album,
958 996 1053 1071 laeve,

25 1093 51 1134 ro
61 1079 201 1156 aequale;
218 1080 261 1142 sic
279 1089 308 1140 ut
324 1081 423 1156 etiarn,
446 1081 559 1160 siquae
575 1079 656 1157 quasi
673 1078 833 1140 nubeculae
847 1080 1010 1153 inuatarint,
1026 1080 1054 1138 in

63 1163 148 1222 imum
163 1163 329 1225 deferantur
345 1163 399 1240 (ci.
415 1162 529 1243 Proqa.
546 1164 567 1238 §
588 1162 735 1242 12-13).
774 1164 813 1224 At
829 1164 989 1237 venterei,
1006 1163 1054 1240 qui

61 1265 79 1305 a
100 1247 233 1325 periculo
252 1256 328 1308 tutus
351 1257 411 1323 est,
433 1247 528 1307 reddit
546 1245 823 1323 mollia,·iigurata,
844 1256 930 1327 atque
951 1247 1053 1306 eodem

57 1331 124 1392 iere
137 1342 288 1410 tempore,
311 1348 369 1409 qno
393 1331 520 1392 secunda
541 1330 705 1390 valetudine
720 1333 863 1408 assuevit,
883 1332 967 1392 modo
987 1347 1053 1390 con·

56 1414 206 1474 venientia
228 1415 262 1475 iis
282 1433 357 1494 quae
371 1424 558 1476 assumuntur.
588 1413 675 1490 Pejor
691 1415 746 1474 cita
762 1415 844 1474 alvus
865 1424 924 1474 est:
945 1414 998 1475 sed
1018 1431 1054 1474 ne

26 1497 135 1559 raiaco
156 1498 272 1577 quidem
295 1509 407 1560 terrere
431 1500 560 1578 protinus
581 1496 685 1573 debet,
709 1499 734 1557 si
756 1499 896 1558 matutinis
919 1499 1053 1577 tempori·
1157 1573 1160 1580 Ι

61 1582 114 1642 bns
135 1592 241 1644 coacta
262 1584 353 1661 magis
379 1586 439 1660 e'st,
463 1591 511 1644 ant
531 1584 556 1641 si
577 1581 756 1660 procedente
776 1591 907 1660 tempore
923 1581 1055 1660 paulatim

62 1665 259 1743 contrahitur,
280 1676 309 1727 et
329 1667 392 1727 ruia
410 1676 471 1742 est,
493 1681 587 1744 oeque
606 1665 744 1726 foeditate
761 1667 860 1725 odoris
881 1660 999 1725 similem
1014 1664 1054 1723 al·

59 1769 126 1810 vum
154 1752 216 1810 sani
239 1749 366 1810 bominis
383 1749 498 1811 excedit
520 1749 573 1827 (ci.
597 1748 710 1829 Proqa.
733 1749 754 1824 ᾗ
778 1749 841 1826 li).
876 1748 921 1808 Ac
942 1749 1054 1808 lumbri·

61 1851 113 1894 cos
129 1852 248 1913 quoqne
263 1835 376 1914 aliquos
392 1835 445 1895 snb
466 1834 522 1894 iine
542 1833 634 1894 morbi
654 1833 857 1907 descendisse,
869 1832 948 1896 ,nihii
969 1839 1056 1892 nocet

29 1917 193 1998 au(Ibid.).
237 1919 268 1978 Si
288 1918 394 1979 inflatio
409 1920 437 1978 in
458 1917 656 1997 superioribus
677 1917 805 1994 partibus
822 1916 950 1976 dolorem
966 1925 1054 1976 tumo-

60 2021 183 2081 remque
198 2002 285 2079 iecit,
308 2003 413 2063 bonum
433 2003 544 2079 signnm
559 2011 603 2062 est
621 2019 708 2060 sonus
728 2001 837 2060 ventris
852 1999 916 2060 inde
932 1998 967 2058 ad
984 1999 1053 2058 inie-

61 2090 156 2148 riores
169 2095 269 2166 partes
283 2086 430 2155 evolutus;
445 2086 594 2164 magisque
606 2087 692 2144 etiam
705 2086 730 2143 si
741 2085 803 2142 sine
814 2082 980 2142 difficultate
993 2100 1054 2142 cum

63 2182 197 2232 stercore
211 2172 341 2231 excessit
357 2167 452 2248 (Aple.
469 2169 525 2246 lv,
545 2169 599 2236 73;
617 2167 712 2228 Coae.
729 2167 804 2236 285;
825 2165 936 2244 Preger.
953 2165 974 2239 ᾗ
992 2165 1055 2242 11).

422 2369 701 2466 cacumin
751 2473 753 2478 ,
858 2499 865 2524 1

392 2527 457 2576 Mala
473 2527 548 2590 sigua
566 2531 734 2589 aegrotorum.

128 2678 237 2740 Contra
258 2679 357 2756 gravis
377 2677 468 2737 morbi
487 2675 648 2755 periculum
672 2682 733 2746 est,
759 2671 807 2732 ubi
828 2671 945 2749 supinus
969 2685 1058 2743 aeger
1137 2737 1145 2754 ο

61 2766 160 2839 jacet,
182 2764 326 2842 porrectis
346 2760 474 2822 manibus
495 2770 525 2820 et
540 2758 671 2820 cruribus
694 2755 820 2835 (Proque.
837 2755 859 2829 ᾗ
875 2754 925 2832 3);
945 2750 993 2811 ubi
1013 2768 1057 2810 re·

64 2848 164 2910 sidere
186 2846 247 2908 vult
266 2847 295 2908 in
317 2848 382 2924 ipso
403 2846 478 2906 acuti
499 2843 592 2904 morbi
612 2844 736 2920 impetu,
764 2833 1058 2930 praecipueqneflpulj

65 2930 201 2992 monibus
217 2929 427 2998 laborantibus;
449 2928 496 2988 ubi
512 2936 651 2990 nocturna
667 2923 764 3001 vigilia
780 2923 931 3000 premitur,
950 2927 1059 3015 etiamst

35 3037 58 3077 no
67 3015 193 3076 interdiu
215 3032 331 3076 somnus
350 3013 477 3081 accedit;
504 3031 543 3072 ex
563 3027 620 3089 quo
641 3019 736 3068 tamen
757 3007 842 3085 peior
863 3013 909 3080 est
924 3019 972 3080 qur
986 3009 1060 3060 mter

67 3109 199 3177 quartam
212 3097 312 3159 horam
328 3107 356 3157 et
373 3106 489 3157 noctem
511 3105 571 3168 est,
588 3111 671 3172 quam
688 3091 735 3170 qui
751 3089 912 3149 amatutino
928 3095 1058 3162 tempore
1080 3130 1091 3140 .

67 3183 103 3244 ad
119 3191 251 3261 quartam
269 3181 397 3261 (Proqo.
415 3180 436 3255 ὃ
454 3181 518 3258 10).
551 3176 707 3239 Pessimum
722 3184 815 3235 tamen
830 3180 888 3248 est,
903 3171 928 3228 si
945 3183 1060 3228 somnus
1117 3215 1119 3222 .

67 3285 165 3345 neque
181 3274 285 3342 noctu,
303 3283 397 3343 neque
411 3263 534 3324 interdiu
549 3261 660 3322 accedit
675 3257 802 3336 (Proqn.
818 3255 839 3331 ὅ
858 3256 926 3333 10);
945 3252 973 3312 id
988 3251 1061 3309 enim

69 3352 133 3412 iere
161 3351 225 3411 eine
253 3351 385 3410 continuo
415 3348 517 3408 dolote
543 3361 690 3423 essenon
717 3349 814 3420 potest
841 3337 951 3418 (Cous.
972 3334 1059 3432 4117).

40 3435 177 3512 sedeque
197 3450 271 3494 uero
294 3435 406 3510 signum
433 3430 535 3492 malum
555 3439 600 3489 est
618 3428 702 3490 etiam
723 3441 822 3492 somuo
846 3422 918 3564 ultr3a
938 3418 1062 3480 debitum

117 3538 216 3578 cttsus
233 3539 252 3578 1.
