2392 3906
151 189 191 252 84
439 204 472 252 x.
489 203 518 252 c.
536 203 633 252 cuusr
647 203 839 252 uuurcmuu

150 357 239 416 motio
255 365 360 430 manet,
379 365 444 435 post
458 357 576 417 alteram
591 359 732 434 integrum
747 375 853 436 corpus
868 366 928 434 est,
945 359 1058 434 integro
1075 373 1137 417 cor-

150 457 224 517 pore
243 439 310 500 cibo
325 449 436 518 tempus
451 442 544 518 aptius
563 449 629 499 est:.
639 442 662 498 si
679 459 794 518 semper
810 441 951 501 febricula
959 449 1075 515 manet,
1088 441 1138 499 sed

149 523 270 582 alterum
286 523 510 600 tameufongius
531 533 642 601 tempus
664 526 840 598 remissionis
856 534 916 600 est,
938 524 966 583 id
981 527 1076 602 potius
1090 525 1140 582 eii·

149 607 273 682 gendum
289 617 348 675 est;
365 607 438 666 adeo
454 617 498 682 ut,
514 607 560 666 ubi
575 609 762 666 accessiones
774 609 981 682 continuantur,
999 609 1140 684 protinus,

148 689 284 749 inclinata
301 692 409 768 priore,
427 689 535 749 dandus
551 689 631 748 cibus
645 691 691 748 sit.
721 690 1017 769 Etenimperpetuum
1035 700 1090 766 est,
1104 690 1162 755 ada

149 774 227 850 quod
243 791 325 834 omne
344 774 493 838 consilium
510 773 594 850 dirigi
608 782 715 852 potest,
733 774 826 834 cibum
841 793 924 852 quam
934 775 1055 832 maxime
1069 792 1141 832 sem-

148 875 201 934 per
216 856 252 916 ab
267 859 436 917 accessione
452 855 546 916 futura
562 857 718 925 reducere;
736 866 774 932 et,
790 858 846 916 boc
862 858 959 932 salvo,
975 857 1043 915 dare
1059 875 1143 934 quam

147 941 333 1016 integerrimo
350 957 474 1018 corpore
492 937 587 1018 (Apft.
603 939 627 1016 1,
649 942 713 1018 11).
744 941 828 1014 Quod
842 959 900 1000 nou
913 943 986 1000 inter
1000 939 1072 998 duas
1084 949 1142 999 tan·

146 1033 215 1097 tum,
235 1023 286 1081 sed
303 1024 387 1082 etiarn
402 1025 476 1081 inter
487 1023 587 1102 plures
601 1025 786 1083 accessiones
799 1023 968 1084 servabitur.
987 1022 1045 1081 Sed
1058 1041 1144 1100 quum

147 1107 184 1164 sit
200 1108 373 1183 aptissimum
390 1107 475 1165 tertio
492 1123 607 1184 quoque
625 1107 671 1166 die
689 1107 781 1166 cibum
798 1108 881 1176 dare;
903 1117 1013 1182 tamen,
1033 1107 1059 1164 si
1081 1125 1142 1166 cor·
1153 1131 1171 1170 n

146 1206 200 1265 pus
218 1189 356 1248 infirmum
376 1198 435 1265 est,
458 1190 584 1267 quotidie
606 1190 714 1250 dandus
735 1199 794 1258 est;
819 1190 964 1267 multoque
984 1191 1096 1266 magis,
1120 1191 1145 1248 si

147 1272 329 1331 continentes
346 1272 444 1331 febres
461 1275 523 1333 sine
538 1275 708 1334 remissione
720 1283 794 1348 sunt,
810 1283 915 1350 quanto
926 1274 1018 1349 magis
1035 1290 1145 1351 eorpus

119 1353 291 1431 ‘affligunm
319 1365 365 1414 aut
388 1357 412 1414 si
436 1355 508 1416 duae
528 1357 665 1434 pluresve
690 1358 876 1416 accessiones
898 1355 999 1416 eodem
1024 1355 1072 1416 die
1096 1375 1145 1415 ve·

145 1437 233 1497 niunt.
266 1438 346 1514 Quae
362 1458 410 1498 res
426 1439 530 1516 efficit,
553 1449 582 1498 ut
598 1449 627 1499 et
641 1459 658 1500 a
671 1441 763 1518 primo
779 1439 824 1498 die
841 1443 969 1516 protinus
985 1439 1070 1498 cibus
1085 1439 1147 1500 dari

146 1521 274 1599 quotidie
296 1522 417 1598 debeat,
441 1524 464 1582 si
487 1525 615 1602 protinus
636 1542 728 1582 venae
750 1523 951 1592 concideruut;
973 1532 1002 1581 et
1025 1525 1172 1601 saepiusu

145 1605 249 1664 eodem
272 1605 334 1681 die,
356 1608 380 1664 si
404 1609 478 1666 inter
492 1607 591 1684 plures
610 1609 797 1667 accessiones
820 1605 940 1666 subinde
957 1609 1001 1668 vis
1022 1607 1145 1684 corpori

145 1687 238 1747 deest.
267 1689 340 1748 Illud
355 1699 448 1748 tamen
463 1691 492 1748 iu
506 1689 550 1748 his
566 1690 736 1749 servandum
752 1698 818 1764 est,¹
836 1699 865 1748 ut
882 1699 948 1767 post
971 1707 1022 1748 eas
1042 1689 1146 1748 febres

145 1773 235 1834 minus
255 1771 311 1830 cibi
328 1772 426 1847 detur,
450 1783 517 1850 post
530 1791 617 1850 quas,
641 1776 665 1831 si
684 1791 859 1851 percorpus
881 1773 1001 1846 liceret,
1016 1774 1145 1838 ,omnino

145 1871 202 1914 non
212 1856 336 1914 daretur.
363 1856 454 1929 Quum
467 1873 537 1914 vero
549 1855 639 1914 febris
651 1858 747 1932 instet,
757 1857 891 1936 incipiat,
908 1864 1058 1931 augeatur,
1077 1873 1146 1914 cou-

145 1939 241 2013 sistat,
263 1937 400 2014 decedat,
420 1938 522 1997 deinde
538 1939 566 1996 in
584 1939 757 1998 decessione
773 1941 926 2014 consistat,
950 1947 996 1997 aut
1017 1939 1174 2012 finiamus

145 2022 221 2079 scire
242 2021 326 2097 licet,
339 2024 484 2099 optimum
501 2021 567 2082 cibo
591 2032 704 2100 tempus
724 2041 790 2082 esse
812 2021 895 2080 febre
917 2022 1010 2090 finita;
1038 2021 1147 2080 deinde

145 2122 230 2182 quum
245 2105 380 2165 decessio
396 2107 459 2180 ejus
477 2107 622 2175 consistit;
645 2109 774 2181 tertium,
788 2107 811 2164 si
829 2123 951 2164 necesse
967 2113 1030 2179 est,
1054 2122 1147 2182 quan·

145 2187 303 2266 ducumque
327 2189 453 2268 decedit;
477 2199 576 2249 cetera
592 2191 686 2250 omnia
709 2189 873 2268 periculosa
895 2205 980 2252 esse;
1000 2189 1024 2246 si
1047 2197 1148 2246 tamen

144 2283 266 2351 propter
292 2273 481 2332 infirmitatem
504 2275 664 2333 necessitas
686 2282 783 2348 urget,
817 2273 904 2330 satius
928 2289 1010 2347 esse,
1047 2273 1147 2330 consi·

144 2365 238 2414 stente
258 2357 319 2434 J‘am
341 2359 517 2428 incremento
541 2355 649 2432 febris,
672 2355 780 2432 aliquid
801 2355 925 2429 offerre,
948 2371 1031 2431 quam
1046 2356 1174 2414 increa

144 2447 264 2504 scente;
291 2440 378 2498 satius
402 2458 483 2515 esse,
504 2441 642 2514 instante,
663 2455 746 2515 quam
768 2437 939 2513 incipiente:
964 2454 1028 2495 cum
1048 2455 1090 2497 eo
1107 2447 1148 2496 ta·

144 2538 225 2593 men,
247 2529 277 2578 ut
297 2522 375 2580 nulio
394 2532 527 2598 tempore
547 2524 589 2596 is,
612 2522 659 2596 qui
673 2520 787 2594 deficit,
812 2536 870 2578 non
892 2522 929 2578 sit
950 2520 1147 2580 sustinendus.

144 2603 246 2679 Neque
261 2601 380 2661 hercule
396 2606 466 2662 satis
483 2612 536 2679 est,
550 2606 629 2680 ipsas
642 2611 746 2662 tantum
759 2601 857 2662 febres
870 2602 1011 2661 medicum
1027 2604 1148 2677 intueri,

144 2684 196 2744 sed
219 2686 303 2743 etiam
324 2687 411 2743 totius
433 2687 566 2762 eorporis
582 2684 723 2760 habitum,
741 2686 818 2746 etad
837 2704 900 2744 eum
916 2685 1043 2760 dirigere
1061 2704 1147 2745 cura·

143 2771 263 2834 tionem;
286 2785 337 2826 seu
358 2777 511 2845 supersunt
527 2769 619 2844 vires,
642 2789 693 2828 seu
709 2769 824 2844 desunt,
840 2788 891 2828 seu
908 2769 1021 2846 quidam
1036 2768 1091 2830 alii
1107 2772 1177 2832 afa
1195 2800 1196 2803 ¹

143 2851 237 2910 iectus
249 2852 449 2909 interveniunt.
480 2852 571 2925 Quum
584 2870 654 2912 vero
667 2871 782 2934 semper
794 2869 901 2928 aegros
914 2869 1037 2914 securos
1051 2872 1149 2931 agere

145 2935 306 3009 conveniat,
323 2942 351 2992 ut
367 2950 491 3011 corpore
507 2944 622 3011 tantum,
638 2954 695 2996 non
712 2938 795 2995 etiam
810 2938 903 2994 animo
917 2934 1069 2997 laborent:
1088 2947 1150 2996 turn

144 3013 318 3094 praecipue,
342 3015 389 3076 ubi
410 3017 502 3076 cibum
524 3029 691 3079 sumserunt.
722 3021 837 3097 ltaque,
861 3021 885 3079 si
901 3038 956 3098 qua
972 3029 1051 3096 sunt,
1070 3039 1149 3098 quae

144 3110 349 3178 exasperatura
366 3119 463 3160 eorum
476 3103 583 3160 animos
596 3112 669 3178 sunt,
687 3105 822 3180 optimum
838 3113 881 3162 est
896 3122 941 3177 ea,
958 3103 1024 3162 dum
1035 3121 1148 3180 aegro-

143 3193 221 3257 tant,
240 3202 338 3243 eorum
352 3186 469 3245 notitiae
485 3185 669 3246 subtrahere:
687 3190 710 3246 si
726 3187 753 3245 id
770 3187 831 3244 fieri
847 3204 904 3244 non
922 3196 1030 3264 potest,
1058 3189 1180 3246 susti-ct

143 3285 214 3326 nere
225 3276 318 3327 tamen
331 3276 397 3346 post
410 3268 500 3328 cibum
515 3288 604 3347 usque
617 3272 708 3330 somni
720 3280 832 3346 tempus
845 3270 888 3347 (id
903 3279 957 3342 est,
972 3279 1034 3330 toto
1048 3270 1149 3330 somni

143 3361 284 3430 tempore.
306 3353 342 3410 cf.
356 3350 433 3427 Vlll,
447 3353 499 3429 4),
510 3363 538 3412 et
548 3372 631 3432 quum
644 3355 808 3432 experrecti
820 3361 893 3428 sunt,
909 3361 966 3412 tum
979 3371 1148 3432 exponere.
