2384 3896
137 181 199 248 232
429 197 463 244 a,
479 195 508 244 c.
527 194 626 244 causi
640 193 835 244 uuuroruuu

138 349 213 411 busti
229 359 258 410 et
269 349 351 425 eloti,
365 351 520 428 papaueris
532 347 669 410 lacrimae
678 348 792 426 frictae,
804 347 984 426 singulorum
999 369 1034 429 p.
1047 349 1106 428 )·(.
1117 365 1139 410 1.

138 434 233 512 spodii
246 435 324 510 eloti,
340 433 428 508 turia,
452 432 534 493 stibis
547 433 688 494 combusti
704 441 733 492 et
747 432 832 508 eloti,
848 433 1139 518 myrrbae‚gummia‚

136 517 315 595 singulorum
330 534 358 595 p.
374 517 430 594 )·(.
445 527 482 576 11.

199 604 248 662 ll.
270 601 377 662 Evenit
390 603 491 676 etiam,
506 609 537 660 ut
551 600 644 676 oculi,
660 601 709 662 rel
725 600 826 678 ambo,
841 599 890 660 rel
902 601 1030 678 singuli,
1048 603 1138 660 mine

136 703 185 746 ret
209 685 294 761 dant,
318 703 401 764 quam
420 702 487 746 esse
509 683 676 744 naturaliter
696 683 833 744 debeant:
856 684 941 764 idque
959 693 990 744 et
1004 703 1083 744 acer
1096 687 1154 763 pit

135 772 224 829 tultae
249 787 350 830 cursus
376 769 404 828 in
430 767 597 847 lippitudine
618 767 724 844 allicit,
749 777 780 827 et
799 768 955 829 continuati
977 768 1086 843 lictus,
1110 777 1137 826 et

135 855 210 914 ictus
225 871 323 932 parum
339 851 414 912 bene
429 851 528 912 curati.
555 849 588 911 ln
603 850 647 910 bis
662 867 778 930 quoque
796 851 895 912 iisdem
911 851 1033 912 lenibus
1049 851 1135 910 medi·

137 939 275 998 camemis
295 955 333 998 ex
353 935 485 996 muliebri
506 935 583 996 lacte
601 936 735 996 utendum
751 945 809 996 est:
831 935 904 996 cibis
919 953 993 995 vero
1007 937 1066 1012 iis,
1090 937 1136 1012 qni

134 1022 255 1080 maxime
272 1037 380 1097 corpus
394 1019 474 1078 alere
489 1027 519 1078 et
529 1019 651 1097 implere
664 1027 854 1079 consuerunt:
868 1019 1050 1096 vitandaque
1060 1021 1135 1078 omui

134 1103 220 1162 modo
236 1120 339 1178 causa,
361 1119 436 1180 qnae
451 1102 585 1178 lacrimas
601 1103 725 1179 excitet,
746 1119 874 1181 curaque
887 1102 1160 1163 domesticorum

136 1203 256 1263 quorum
281 1188 365 1246 etiam
389 1187 413 1244 ai
436 1186 505 1263 quid
527 1187 584 1248 tale
602 1186 716 1262 incidit,
739 1188 803 1262 ejus
824 1187 942 1246 notitiae
958 1186 1134 1246 subtraben-

134 1269 208 1328 dum.
240 1269 338 1347 Atque
357 1270 435 1328 acria
457 1286 573 1349 quoque
595 1269 818 1345 medicamenta,
840 1279 869 1330 et
887 1287 974 1329 acres
996 1269 1060 1329 cibi
1079 1287 1134 1328 non

99 1394 111 1402 -
134 1352 192 1412 alio
216 1354 309 1430 magis
324 1353 437 1412 nomine
453 1353 497 1413 his
513 1362 636 1429 nocent,
659 1371 742 1432 quam
758 1353 836 1433 quod
853 1353 989 1413 lacrimas
1001 1363 1132 1412 movent.

196 1439 244 1498 15.
268 1436 364 1498 Genus
381 1454 497 1515 quoque
514 1438 575 1500 vitii
591 1447 652 1512 est,
669 1455 727 1516 quo
741 1439 817 1497 inter
834 1437 910 1516 pilos
922 1437 1133 1516 palpebrarum

134 1519 261 1600 pediculi
285 1529 458 1584 nascuntur:
490 1520 686 1600 φθειρίασιν
713 1520 817 1581 Graeci
843 1523 998 1580 nominant.
1048 1521 1132 1595 Quod
1141 1533 1158 1572 ¹³

134 1623 218 1682 quum
235 1624 273 1666 ex
291 1605 367 1665 malo
383 1606 517 1683 eorporis
531 1604 629 1665 habitu
644 1605 708 1680 liat,
729 1622 796 1664 raro
812 1622 870 1668 uon
886 1605 959 1664 ultra
976 1605 1131 1682 procedit:

133 1689 187 1748 sed
210 1684 273 1754 lere'
295 1698 427 1768 tempore
448 1690 620 1767 interposito
643 1691 762 1766 pituitae
785 1706 887 1748 curans
906 1690 1074 1748 acerrimus
1089 1707 1130 1746 se

134 1771 243 1848 quitur;
279 1772 511 1850 exulceratisque
538 1770 727 1831 vehementer
752 1772 861 1848 oculis,
892 1773 985 1832 aciem
1011 1789 1131 1849 quoque

132 1854 224 1931 ipsam
247 1858 412 1933 corrumpit.
447 1856 500 1915 liis
520 1855 603 1914 alrus
624 1855 755 1914 ducenda
777 1865 837 1924 eat;
865 1863 952 1934 caput
975 1854 1012 1914 ad
1036 1864 1130 1914 eutem

132 1935 320 2013 tondendum,
338 1938 441 2016 diuque
457 1940 584 2017 quotidie
593 1940 702 2014 Jejunia
718 1939 944 2016 perfricandum:
966 1938 1014 1997 his
1029 1938 1126 1998 ambu-
1136 1948 1157 1988 ²⁰

131 2021 286 2082 latioribus
309 2022 430 2100 aliisque
452 2021 707 2082 exercitationibus
722 2022 875 2098 diligenter
890 2022 1045 2090 utendum
1067 2040 1128 2100 gar·

132 2105 375 2185 perinundumqne
392 2125 430 2166 ex
443 2105 553 2180 mulso,
576 2108 604 2164 in
616 2123 675 2185 quo
692 2115 798 2185 nepeta
814 2115 843 2165 et
856 2107 972 2184 pinguis
989 2105 1066 2164 licus
1084 2105 1127 2176 de·

132 2199 216 2249 cocta
245 2191 296 2258 sit;
329 2208 418 2269 saepe
444 2192 472 2248 in
499 2189 604 2250 balneo
632 2189 719 2249 multa
746 2189 840 2250 calida
868 2206 943 2267 aqua
970 2189 1128 2249 fovendum

133 2283 233 2351 eaput;
262 2275 368 2334 vitandi
390 2291 474 2334 aeres
496 2272 567 2341 cibi;
598 2273 674 2333 lacte
698 2275 824 2350 vinoque
849 2274 948 2351 pingui
973 2274 1126 2338 utendum

131 2356 343 2435 bibendumque
366 2356 532 2434 liberalius,
553 2375 637 2435 quarn
660 2356 801 2416 edendum
825 2366 878 2416 est.
914 2357 1153 2418 Medicamentae

131 2456 204 2500 vero
219 2435 293 2500 intus
309 2441 423 2518 quidem
437 2441 512 2501 lenia
527 2441 619 2502 danda
634 2448 713 2516 sunt,
735 2459 772 2500 ne
787 2441 854 2518 quid
870 2441 992 2500 acrioris
1010 2441 1127 2519 pituitae

132 2525 291 2592 concitent;
307 2541 395 2602 super
410 2527 491 2603 ipsos
505 2528 576 2583 verb
593 2523 747 2603 pediculos
761 2523 834 2599 alia,
850 2541 925 2602 quac
940 2542 1054 2585 necare
1067 2541 1126 2598 eos,

131 2613 162 2663 et
185 2605 357 2683 probibere,
380 2627 417 2666 ne
437 2608 545 2666 similes
566 2617 735 2684 nascantur,
760 2609 882 2686 possint.
916 2608 963 2668 Ad
982 2608 1014 2668 id
1037 2611 1128 2686 ipsum

131 2705 249 2766 spumae
269 2691 333 2765 nitri
356 2707 384 2768 p.
402 2691 458 2768 )·(.
474 2705 497 2750 1.
518 2690 713 2750 sandarachae
734 2692 872 2769 p.)-(.1.
894 2709 970 2752 uvae
992 2694 1126 2752 taminiae

131 2789 159 2850 p.
175 2771 231 2851 )·(.
247 2785 270 2832 1.
293 2773 374 2833 simul
390 2771 533 2850 teruntur,
555 2775 745 2852 adjiciturque
766 2785 849 2834 vetus
868 2775 964 2834 oleum
978 2777 1045 2854 pari
1061 2786 1153 2854 por-tt

130 2858 226 2932 tione,
245 2866 332 2934 atque
347 2865 476 2934 acetum,
492 2857 586 2918 donec
604 2859 632 2916 ei
645 2857 740 2916 mellis
759 2859 921 2918 crassitudo
938 2860 984 2917 sit.

195 2941 242 3002 16.
270 2941 416 3002 Hactenus
437 2941 587 3001 oculorum
607 2941 700 3000 morbi
714 2941 828 3002 lenibus
843 2942 1064 3002 medicamentis
1079 2960 1124 3000 nn-

130 3027 258 3083 triuntur.
281 3025 394 3086 Genera
410 3024 513 3086 deiude
529 3025 584 3084 alia
599 3033 680 3100 anot,
697 3041 771 3103 quae
789 3025 935 3086 diversam
947 3027 1125 3086 curationem

131 3105 308 3176 desiderant;
341 3109 463 3187 fereque
490 3127 528 3166 ex
553 3108 822 3168 inflammationibus
846 3118 928 3184 nata,
959 3109 1013 3169 sed
1041 3109 1124 3168 linitis

131 3202 245 3264 quoque
266 3189 310 3248 bis
332 3194 483 3252 manentia.
519 3191 616 3269 Atque
634 3193 662 3250 in
680 3193 779 3269 primis
794 3194 822 3252 in
837 3192 1008 3272 quibusdam
1024 3206 1150 3272 perseus

130 3278 212 3330 verat
230 3273 324 3330 tenuis
346 3275 465 3351 pituitae
487 3291 597 3334 cursus.
643 3274 754 3348 Quibus
779 3275 860 3335 alvus
880 3277 1019 3336 inferiore
1044 3285 1122 3354 parte

130 3354 278 3414 evocanda
296 3364 357 3430 est,
374 3355 599 3436 demendumque
616 3358 721 3436 aliquid
737 3377 774 3419 ex
786 3359 864 3419 cibo.
883 3359 989 3438 Neque
1002 3359 1122 3420 alienum

131 3447 178 3498 est
196 3438 267 3498 illini
282 3438 404 3500 frontem
422 3443 634 3519 compositione
648 3442 799 3504 Andreae:
818 3441 1118 3520 quaelebetgummis
