2392 3906
141 174 182 235 50
424 182 457 232 s.
481 182 512 230 o.
536 180 635 230 cnnsr
655 178 848 230 mesonma

141 356 225 417 quum
243 339 362 399 evidens
379 355 457 398 mors
474 337 530 412 sit,
546 334 635 395 multo
648 332 813 395 evidentior
824 341 887 410 est,
906 336 930 394 si
939 338 1001 411 jam
1011 335 1138 414 longum

140 440 256 500 quoque
269 422 298 482 id
311 424 411 482 vitium
426 429 485 487 est:
510 419 688 495 maximeque
706 419 730 478 si
754 419 841 478 etiarn
854 419 883 476 in
900 435 1028 495 corpore
1046 421 1139 480 senili

142 515 196 566 est.
227 505 257 564 st
273 523 345 566 vero
363 508 392 565 in
409 506 542 566 tenuiore
558 503 696 561 intestino
711 500 828 561 morbus
841 511 904 578 est,
921 506 1064 580 vomitus,
1078 506 1142 564 sin-

141 591 256 666 gultus,
268 608 422 649 nervorum
433 587 581 661 distentio,
593 583 734 662 delirium,
746 584 819 645 mala
831 595 904 645 sunt.
932 586 971 645 At
983 589 1012 647 in
1028 588 1143 648 morbo

141 682 273 752 arquato,
281 673 448 733 durumlieri
452 673 548 747 jecur,
561 670 837 746 perniciosissimum
845 667 993 747 est(Apb.
1002 670 1058 748 vt,
1070 671 1165 750 42).a

143 756 225 828 Quos
249 757 334 816 lienis
355 755 427 816 male
449 753 552 828 habet,
583 753 608 812 si
630 753 751 811 tormina
769 751 1002 831 prehenderunt,
1028 755 1145 816 deinde

143 855 225 899 versa
242 849 306 899 sunt
321 841 367 898 rel
388 841 416 898 in
431 857 533 919 aquam
546 839 621 900 inter
638 847 742 912 cutem,
758 839 807 898 vel
821 839 849 897 in
864 839 1066 898 intestinorum
1085 836 1153 896 lae·

141 924 276 997 vitatem,
302 925 350 982 vix
370 923 429 982 ulla
448 923 587 984 medicina
602 922 734 1000 periculo
750 921 891 981 subtrahit
908 919 1003 1002 (Aple.
1020 919 1076 996 Vl,
1090 920 1153 983 43:

142 1005 237 1066 Coae.
259 1007 347 1084 457).
378 1004 496 1066 Morbus
516 1007 640 1066 intestini
661 1005 818 1080 tenuioris,
847 1006 901 1064 nisi
925 1005 1078 1064 resolutus
1106 1013 1155 1064 est

140 1090 212 1152 intra
229 1090 379 1166 septimum
393 1088 485 1165 diem,
506 1089 613 1150 occidit
632 1089 687 1169 (oi.
703 1087 782 1168 Apb.
798 1088 847 1163 Vl,
862 1090 918 1158 44;
935 1087 1030 1150 Cone.
1050 1087 1152 1165 465).
1163 1101 1179 1140 tt

141 1171 244 1232 Mulier
259 1190 296 1230 ex
309 1182 408 1250 partu,
427 1175 451 1232 si
464 1193 528 1234 cum
540 1173 626 1233 febre
638 1173 860 1233 vehementibus
872 1175 957 1233 etiam
968 1181 998 1232 et
1015 1172 1154 1232 assiduis

141 1257 243 1332 capitis
259 1255 409 1316 doloribus
424 1259 577 1335 premitur,
601 1259 629 1316 in
651 1257 783 1334 periculo
802 1259 903 1316 mortis
926 1266 970 1316 est
985 1256 1042 1335 (cf.
1062 1253 1152 1334 Apa.

139 1338 177 1412 ll,
196 1339 263 1415 55).
294 1339 325 1398 Si
341 1339 426 1399 dolor
443 1351 529 1420 atque
546 1340 729 1400 inflammatio
748 1348 794 1399 est
810 1342 839 1399 in
854 1341 889 1399 lis
910 1340 1060 1420 partibus,
1084 1341 1154 1419 qui·

140 1421 315 1481 husvisoera
328 1426 518 1501 continentur,
531 1425 701 1503 frequenter
711 1425 835 1503 spirare,
849 1425 961 1501 signum
972 1423 1081 1482 malum
1092 1432 1153 1482 est.

141 1507 172 1566 st
188 1507 249 1565 sine
265 1523 352 1566 eausa
368 1508 473 1586 longus
488 1509 574 1570 dolor
588 1509 691 1588 capitis
708 1518 769 1582 est,
789 1517 818 1567 et
834 1509 861 1567 in
878 1509 1065 1587 cervicosae
1081 1524 1178 1566 sca-a

141 1589 224 1667 pules
239 1593 350 1666 transit,
365 1610 524 1673 rursusque
546 1595 574 1652 in
597 1601 685 1671 caput
705 1592 877 1667 revertitur,
898 1601 946 1652 aut
961 1609 977 1650 a
993 1591 1097 1668 capite
1115 1590 1154 1650 ad

141 1674 274 1733 cervices
289 1675 485 1756 scapulasque
501 1679 645 1756 pervenit,
660 1668 843 1754 perniciosus
856 1685 916 1736 est:
931 1676 986 1735 nisi
999 1677 1153 1735 vomicam

142 1757 264 1835 aliquam
280 1761 429 1837 excitavit,
445 1761 489 1820 sic
500 1769 531 1820 ut
545 1779 599 1839 pus
615 1760 820 1829 extussiretur;
837 1769 884 1819 aut
898 1761 952 1818 nisi
968 1760 1093 1834 sanguis
1114 1777 1154 1818 er

140 1841 236 1918 aliqua
260 1850 342 1919 parte
364 1845 512 1922 prorupit;
533 1854 581 1905 aut
597 1846 650 1903 nisi
669 1843 697 1902 in
720 1844 816 1921 capite
836 1842 922 1904 multa
940 1844 1078 1922 porrigo,
1106 1852 1152 1902 to·

140 1933 207 1984 tove
234 1941 361 2003 corpore
398 1925 519 2003 pusulae
541 1937 622 1987 ortae
645 1927 717 1988 su'nt.
752 1927 856 2007 Aeque
875 1943 1007 2004 magnum
1031 1925 1177 1986 malama

140 2016 198 2084 est,
223 2007 270 2068 ubi
282 2016 389 2086 ‚torpor
404 2019 489 2091 atque
503 2013 623 2089 prurigo
639 2020 852 2089 pervagantur,
873 2010 960 2071 modo
976 2028 1030 2088 per
1052 2019 1152 2070 toturn
1193 2013 1195 2046 l

140 2099 241 2169 caput,
261 2092 347 2152 modo
369 2095 398 2152 in
419 2102 517 2174 parte;
542 2105 590 2156 aut
610 2113 713 2156 sensus
728 2094 849 2171 alicujus
869 2097 908 2154 ibi
924 2096 1005 2173 qnasi
1020 2093 1153 2171 frigoris

139 2184 193 2250 est,
211 2193 303 2253 eaque
320 2175 355 2236 ad
373 2195 509 2238 summam
523 2196 640 2258 quoque
657 2179 783 2257 linguam
798 2180 978 2258 perveniunt.
1006 2177 1045 2237 Et
1058 2197 1152 2256 quum

140 2260 168 2317 in
189 2259 292 2320 iisdem
313 2261 500 2323 abscessibus
518 2263 652 2324 auxilium
670 2265 722 2336 sit,
747 2279 784 2330 eo
800 2261 946 2324 difficilior
960 2263 1072 2322 sanitas
1089 2272 1149 2339 est,
1193 2255 1195 2336 l

139 2359 195 2420 quo
219 2345 308 2403 minus
331 2364 421 2425 saepo
444 2347 497 2407 sub
520 2347 563 2408 his
581 2349 663 2407 malis
680 2347 722 2406 illi
743 2345 963 2425 subsequuntur.
994 2345 1027 2405 In
1045 2358 1176 2406 coxaett

139 2443 209 2485 vero
228 2427 393 2506 doloribus,
411 2433 435 2491 si
452 2431 608 2491 vehemens
624 2440 727 2507 torpor
742 2437 803 2506 est,
823 2430 1015 2508 frigescitque
1028 2447 1100 2489 crus
1118 2440 1151 2490 et

139 2525 228 2573 coxam
254 2511 335 2570 alvus
358 2515 412 2572 nisi
435 2525 537 2574 coacta
560 2532 617 2573 non
637 2511 747 2588 reddit,
769 2512 856 2592 idque
872 2514 949 2593 quod
964 2516 1149 2591 excernitur,
1193 2559 1194 2580 ,

137 2609 286 2650 mucosum
303 2603 362 2660 est:
374 2597 492 2674 jamque
507 2605 588 2657 aetas
606 2597 668 2671 ejus
684 2595 807 2656 hominis
823 2598 1079 2676 quadragesimum
1094 2616 1148 2657 an·
1193 2605 1194 2666 ᾖ

138 2691 202 2731 num
220 2678 362 2746 excessit;
377 2680 402 2736 is
419 2678 535 2738 morbus
551 2681 606 2737 erit
620 2679 816 2758 longissimus,
831 2683 1002 2761 minimeque
1013 2699 1146 2750 annuus;
1193 2689 1194 2756 l

137 2773 232 2834 neque
260 2758 332 2818 [iniri
360 2762 480 2838 poterit,
509 2762 563 2820 nisi
585 2771 634 2821 aut
652 2781 737 2840 vere,
769 2774 817 2826 aut
840 2774 961 2826 aestate.
1003 2763 1194 2844 Diffictttsuss

139 2857 232 2918 aeque
249 2843 358 2902 curatio
374 2845 462 2904 estin
478 2845 578 2905 eadem
596 2855 707 2923 aetate,
729 2848 777 2913 ubi
793 2848 974 2910 humerorum
991 2849 1080 2911 dolor
1093 2850 1147 2909 vel
1191 2881 1193 2932 q

138 2923 173 2984 ed
186 2942 284 2984 manus
296 2929 437 3004 pervenit,
452 2929 500 2991 vel
512 2929 547 2990 ad
559 2930 692 3008 scapulas
707 2932 807 3009 tendit,
823 2942 1032 3012 torporemque
1044 2942 1076 2993 et
1090 2933 1146 2994 do·
1192 2935 1193 3000 l

138 3007 229 3067 lorem
243 3019 332 3085 creat,
341 3029 436 3089 neque
446 3011 511 3073 bilis
523 3015 629 3074 vomitu
642 3015 762 3075 levatur.
777 3017 963 3095 Quacumque
973 3034 1045 3078 vero
1058 3027 1147 3095 parte
1192 3013 1193 3028 ³

139 3095 272 3170 corporis
285 3095 441 3156 membrum
452 3097 567 3176 aliquod
579 3098 735 3159 resolutum
747 3110 801 3176 est,
813 3103 838 3160 si
849 3119 944 3180 neque
955 3110 1096 3178 moretur,
1112 3111 1147 3160 et

139 3181 323 3255 emacrescit,
346 3180 374 3240 in
389 3183 536 3260 pristinum
554 3181 678 3242 habitum
696 3200 752 3244 non
771 3187 924 3246 revertitur
936 3185 1084 3264 (Prorrlt.
1101 3183 1176 3263 tta

138 3258 202 3336 39);
220 3278 313 3340 eoque
328 3266 427 3343 minus,
444 3284 501 3344 quo
517 3267 656 3337 vetustius
669 3266 697 3326 id
713 3269 811 3328 vitium
823 3277 878 3344 est‚·
891 3278 920 3328 et
935 3287 992 3347 quo
1004 3270 1098 3346 magis
1109 3271 1142 3328 in
1192 3277 1193 3310 t

139 3360 264 3422 corpore
277 3348 359 3408 senili
367 3359 420 3410 est.
429 3349 567 3428 Omnique
580 3350 749 3410 resolutioni
757 3370 910 3412 nervorum
922 3353 956 3414 ad
967 3353 1140 3412 medicinam

139 3445 196 3488 non
212 3428 314 3492 idonea
332 3440 461 3512 tempora
477 3443 540 3494 sunt
563 3433 654 3494 hiems
670 3443 698 3493 et
715 3443 878 3496 autumnus:
900 3435 1007 3516 aliquid
1023 3439 1141 3516 sperari
