2392 3906
160 199 219 266 122
453 209 486 260 s.
503 209 533 260 o.
551 209 650 260 enuss
666 207 861 260 mansurnis
1191 165 1193 224 ¹

73 407 76 414 ·
158 373 235 432 siuns
255 368 442 429 uehementer
463 363 646 444 implicitum:
667 365 755 426 orbes
778 383 850 426 vero
865 367 929 443 ejus
945 384 1000 445 per
1013 365 1149 426 membra·

156 455 239 516 nulas
261 451 366 529 singull
391 465 454 509 oum
477 447 662 509 interioribus
685 460 906 518 connectuntur:
936 452 985 528 qui
1006 452 1034 510 in
1054 449 1149 510 dente·

157 543 264 600 riorem
292 543 401 615 partem
429 535 577 610 conversi,
613 542 642 591 et
668 552 684 592 e
712 535 833 610 regione
859 534 1034 594 dexterioris
1062 550 1150 592 noxae

157 623 244 698 liniti,
265 620 433 697 superiores
456 627 551 677 tamen
574 626 674 696 partes
694 619 786 694 magis
803 619 959 696 complent.
996 617 1110 677 Deinde
1126 617 1150 674 id

158 701 320 766 intestinum
337 719 401 762 oum
413 703 559 761 crassiore
571 700 665 760 altero
677 710 845 762 transuerso
859 704 1060 776 committitur,
1079 701 1168 778 quoda

157 809 173 851 a
190 790 291 850 dextra
306 795 388 865 parte
403 786 560 862 incipiens,
579 787 607 844 in
622 785 832 846 sinisteriorem
847 788 976 864 pervium
992 795 1022 844 et
1037 785 1152 868 longum

157 883 217 950 est,
233 874 261 931 in
277 871 471 931 dexteriorem
486 886 544 930 non
559 878 619 936 esta
639 869 766 948 ideoque
781 887 906 930 eoseum
920 872 1092 930 nominatur.
1118 868 1151 926 At

157 958 200 1033 id,
221 953 299 1035 qnod
316 954 520 1032 perniones,
536 953 595 1014 late
611 952 705 1014 losum
720 963 805 1033 atque
820 955 977 1030 sinuatum,
1002 954 1152 1029 minusque

158 1053 242 1119 quam
267 1037 418 1116 superiora
442 1038 576 1098 intestina
596 1055 766 1113 nervosum,
796 1037 834 1098 ab
853 1047 974 1117 utraque
995 1045 1081 1115 parte
1101 1037 1152 1096 buc

157 1133 244 1202 atque
262 1117 331 1182 illue
345 1121 489 1196 volutum,
506 1123 597 1199 magis
613 1130 708 1182 tamen
725 1123 921 1182 sinisteriores
939 1120 1176 1198 inferioresqneu

157 1216 256 1286 partes
283 1214 401 1279 tenens,
434 1206 572 1283 contingit
595 1206 681 1280 jecur
701 1215 788 1283 atque
810 1204 1016 1265 ventrioulurn:
1048 1203 1152 1284 deinde

158 1304 221 1350 eum
234 1289 406 1368 ¹quibusdam
424 1289 626 1349 membranulis
649 1307 665 1349 a
682 1290 796 1349 sinistro
811 1307 882 1350 rene
897 1288 1083 1348 venientibus
1093 1290 1152 1364 jun·

158 1375 249 1451 gitur;
278 1371 364 1450 atque
383 1371 449 1432 birro
470 1373 572 1432 dextra
592 1383 775 1432 recurvatum
795 1375 822 1432 in
842 1375 904 1433 imo·
922 1373 1072 1449 dirigitur,
1102 1387 1153 1448 qua

158 1458 303 1526 exseruit;
321 1457 447 1534 ideoque
462 1456 489 1516 id
505 1456 543 1516 ibi
557 1463 673 1516 reatuum
688 1457 861 1518 intestinum
875 1458 1045 1518 nominatur.
1081 1455 1152 1515 Con·

157 1542 230 1620 tegit
244 1557 316 1600 uero
327 1541 465 1602 universa
479 1540 553 1600 liaeo
572 1551 730 1615 omentum,
755 1559 792 1600 ex
810 1541 948 1602 inferiore
970 1548 1052 1618 parte
1070 1539 1176 1598 laeueu

158 1627 355 1700 mertiorum,
381 1641 418 1684 ex
441 1625 594 1703 superiore
611 1625 740 1694 mollius;
763 1625 807 1685 oui
829 1625 921 1704 adeps
943 1639 1061 1702 quoque
1079 1624 1151 1682 inna-

158 1710 261 1774 sellun
279 1721 354 1785 quae
367 1725 468 1785 senso,
484 1709 558 1768 siout
571 1708 721 1769 oerebrum
734 1726 851 1788 quoque
863 1719 891 1768 et
903 1707 1047 1782 medulla,
1064 1715 1151 1767 earet.

158 1791 196 1852 Ar
210 1801 227 1851 a
242 1790 358 1849 renibus
371 1792 502 1868 singulae
514 1809 624 1868 venae,
640 1793 742 1854 colore
753 1793 851 1869 albae,
870 1793 905 1852 ad
917 1791 1046 1851 vesioam
1059 1791 1152 1851 leran-

157 1883 217 1941 tur;
241 1863 428 1952 οὐρητῆρας
444 1874 547 1936 Graeci
568 1886 689 1954 uooaut,
715 1878 793 1956 quod
812 1894 866 1955 per
880 1895 931 1936 eas
945 1874 1012 1934 inde
1032 1875 1152 1934 deseen-

158 1959 272 2018 dentem
285 1959 392 2017 urinam
405 1960 569 2018 invesioam
580 1959 729 2021 destillare
743 1962 919 2040 concipiunt.
940 1959 1048 2020 Vesica
1062 1969 1176 2021 auterno

158 2043 185 2100 in
201 2043 266 2120 ipso
282 2043 345 2101 sinu
364 2058 489 2102 neruosa
504 2052 534 2102 et
549 2043 673 2123 duplex,
690 2046 806 2106 servios
822 2045 907 2124 plena
919 2053 1006 2121 atque
1021 2059 1151 2114 carnosa,

154 2127 284 2203 jungitur
306 2139 360 2204 per
379 2142 469 2186 uenas
490 2145 553 2186 oum
575 2130 728 2205 intestino,
755 2147 849 2209 eoque
872 2145 957 2205 osse,
986 2127 1065 2205 quod
1088 2126 1152 2205 pubi

157 2209 272 2272 subest:
295 2211 359 2288 ipsa
382 2211 477 2271 soluta
499 2206 587 2291 atque
607 2211 728 2273 liberior
748 2223 807 2273 est:
829 2213 914 2274 aliter
936 2213 963 2270 in
979 2214 1052 2270 viris
1068 2221 1152 2289 atque

155 2296 184 2353 in
208 2293 321 2354 leminis
342 2297 446 2373 posita.
482 2293 554 2356 Nam
569 2298 596 2356 in
612 2298 682 2356 viris
693 2299 775 2372 juxta
792 2307 901 2356 reorum
918 2296 1084 2355 intestinum
1102 2303 1152 2369 est,

157 2379 253 2456 potius
270 2381 297 2436 in
314 2379 455 2444 sinistram
472 2390 581 2458 partem
598 2381 746 2448 inclinata;
761 2381 789 2437 in
801 2380 913 2439 leminis
926 2397 1014 2458 super
1027 2379 1176 2456 genitales

157 2473 254 2520 earum
275 2463 328 2520 sita
351 2470 412 2536 est,
436 2477 581 2540 superque
601 2463 719 2540 elapsa,
745 2462 862 2541 abipsa
884 2465 969 2524 vulva
985 2464 1150 2524 sustinetur.

157 2541 227 2600 'lum
247 2545 275 2600 ln
290 2544 424 2603 masculis
444 2546 499 2605 iter
514 2546 613 2604 urinae
630 2547 784 2624 spatiosius
801 2556 830 2607 et
845 2549 1043 2626 compressius
1059 2565 1075 2610 a
1094 2564 1151 2606 oer-

157 2627 221 2684 vioe
237 2624 321 2698 hujus
338 2627 489 2686 deseendit
504 2628 539 2687 ed
556 2629 666 2688 oulem:
685 2631 713 2688 in
729 2630 841 2690 leminis
856 2633 973 2691 breuius
986 2642 1015 2691 et
1027 2631 1151 2709 plenius.

156 2722 245 2784 super
266 2708 371 2768 uurlvee
388 2712 533 2770 eervioem
548 2727 582 2770 se
597 2713 733 2774 ostendit.
770 2716 863 2776 Vulva
881 2724 974 2776 autem
991 2719 1019 2774 in
1035 2715 1151 2792 virgini·

155 2789 217 2849 bus
229 2791 344 2868 quidem
365 2792 514 2854 admodum
537 2797 641 2874 exigua
663 2808 722 2859 est:
751 2799 779 2858 in
800 2799 968 2860 mulieribus
987 2815 1078 2874 uero,
1102 2796 1176 2857 nisis

70 2945 72 2948 Ι
155 2873 203 2934 ubl
220 2875 356 2951 gravidae
373 2887 452 2955 suut,
475 2891 532 2938 non
548 2880 636 2942 multo
653 2886 759 2959 major,
775 2901 859 2961 quam
877 2893 904 2942 ut
920 2898 1002 2942 manu
1020 2895 1151 2962 compre

155 2958 305 3020 bendntor.
343 2959 384 3021 lla
407 2971 487 3022 reeta
504 2971 676 3042 tenuataque
693 2969 828 3041 cervice,
854 2985 937 3045 quem
955 2967 1088 3026 canalem
1103 2981 1152 3024 uo·

156 3049 238 3117 nant,
260 3055 360 3106 eontra
375 3045 497 3106 mediam
518 3048 611 3108 alvum
628 3065 713 3125 orsa,
737 3051 803 3110 inde
821 3051 934 3128 paulurn
952 3052 986 3110 td
1006 3051 1151 3110 dexterio-

156 3140 217 3184 rem
247 3143 349 3188 ooxam
377 3131 569 3198 convertitur:
603 3132 706 3192 deinde
734 3149 824 3212 super
850 3144 961 3194 rentum
988 3135 1150 3194 intestinum

154 3223 329 3286 progressa,
352 3211 407 3272 iliis
430 3213 554 3274 feminae
570 3214 660 3276 latera
677 3235 727 3277 sua
743 3219 869 3278 inneotit.
906 3219 972 3298 lpse
990 3227 1089 3278 autem
1105 3218 1175 3276 iliae

154 3293 230 3350 luter
251 3307 341 3353 noxus
363 3305 392 3354 et
413 3298 517 3374 pubem
538 3309 594 3358 imo
617 3309 717 3360 ventre
734 3304 828 3380 posita
844 3311 917 3362 sunt.
951 3302 975 3360 A
995 3302 1102 3379 quibus
1118 3317 1150 3359 aa

102 3413 106 3420 ι
154 3375 231 3454 pube
252 3375 393 3437 abdomen
413 3396 524 3442 sursum
547 3400 650 3442 versus
673 3384 708 3443 ad
735 3385 906 3463 praecordia
934 3388 1084 3464 pervenit:
1115 3383 1148 3442 ab

41 3471 44 3477 ·
155 3459 301 3522 exteriore
323 3471 405 3540 purte
426 3466 551 3525 evidenti
577 3477 658 3536 oute;
682 3466 717 3528 ab
740 3468 877 3528 interiore
893 3469 969 3530 laevi
984 3467 1147 3528 membrana
