2372 3892
401 177 733 227 mmmm
1007 170 1068 234 m

29 334 164 412 aliquo
185 333 253 392 loca
272 343 394 398 maneat
432 333 514 407 Quae
529 334 565 391 ita
581 333 662 411 fient,
686 337 710 394 si
732 337 814 395 venis
836 336 988 398 vinciendo
1009 357 1067 398 me-

33 417 147 478 dicus
167 419 367 496 prospexerit.
396 416 480 492 Lina,
498 416 600 493 quibas
617 419 711 496 capita
728 439 824 478 earum
837 421 1066 522 continebuntur,
1156 474 1160 480 .

34 511 146 562 extra
166 501 287 579 plagam
312 501 480 579 dependere
504 499 664 562 debebunt:
689 521 778 580 qaae,
804 521 875 582 pure
898 514 979 581 crte
1005 508 1067 566 sine

33 585 117 645 ullo
152 585 261 644 dolcre
290 585 435 644 excident.
475 584 534 662 lpsl
557 593 649 644 autem
674 587 779 666 plagae
801 587 972 661 injiciendae
994 590 1067 650 duae

5 714 13 729 .
39 669 174 730 libulae
198 677 276 736 scut:
301 671 464 746 etinsuper
479 668 730 747 medicamentum,
748 688 804 748 quo
821 670 986 747 glutinetur.
1013 675 1065 732 Sc-

39 755 96 814 let
129 762 230 812 autern
252 748 393 812 interdum
416 751 451 811 ab
472 751 563 811 altera
584 769 634 812 cra
658 756 854 814 necessarium
876 773 942 814 esse
959 756 1066 834 aliquid

42 837 181 912 excidi,
198 845 228 895 at
244 839 364 896 cicatrix
378 837 470 912 major
486 845 513 894 et
527 835 612 896 latiur
629 838 686 896 suat.
719 837 804 912 Quod
824 839 870 898 ubi
891 838 1005 914 incidit,
1033 841 1065 898 li-

43 930 201 980 namenta
219 937 308 999 super
322 937 378 980 non
394 919 554 995 fulcienda,
574 919 626 978 sed
642 921 747 980 leviter
768 931 872 982 tanturn
893 924 1066 1000 imponenda

45 1013 147 1072 sunt;
174 1021 323 1082 supraque
337 1021 382 1079 ea,
399 1021 472 1081 quae
489 1003 737 1064 inllarnmaticnem
751 1005 903 1083 repellant,
923 1005 1010 1066 idest
1028 1025 1065 1066 ex

0 1097 152 1152 oacetc
178 1089 226 1148 vel
247 1089 311 1148 lana
334 1087 468 1162 succida,
493 1086 540 1145 vel
562 1089 703 1165 spongia:
728 1097 825 1148 cetera
840 1089 957 1166 eadem,
978 1107 1064 1167 quae,

46 1171 109 1232 ubi
129 1189 188 1250 pus
204 1173 314 1230 moveri
330 1170 432 1246 debet,
449 1169 609 1230 adhibenda
626 1181 698 1230 sunt.
735 1172 773 1232 Λι
788 1191 871 1250 quum
889 1173 960 1232 infra
979 1173 1065 1232 incidi

48 1265 204 1336 oportet,
227 1255 394 1334 resupinato
410 1253 534 1329 humine,
555 1255 734 1330 subjicienda
757 1255 808 1315 sub
831 1265 930 1315 scroto
949 1257 1065 1316 sinistra

48 1357 169 1400 manus
196 1349 255 1408 est;
276 1339 379 1398 deiude
397 1337 425 1397 id
443 1337 632 1398 vehementer
646 1339 932 1417 apprehendendum⁷
949 1350 978 1398 et
995 1338 1063 1399 inci·

52 1424 208 1492 dendunr;
226 1423 249 1482 si
265 1422 412 1500 parvulum
432 1421 567 1500 estquod
583 1432 687 1497 nocet,
703 1423 824 1500 modice,
847 1432 875 1482 at
896 1426 979 1483 tertia
997 1441 1063 1502 pars

8 1511 198 1583 reintegra,
215 1507 250 1566 ad
267 1505 460 1566 sustinendum
475 1505 652 1582 testiculum,
671 1507 744 1566 inira
760 1506 950 1586 relinquatur:
968 1509 991 1566 si
1006 1523 1063 1564 ma·

51 1595 111 1670 jus
132 1600 193 1666 est,
211 1593 294 1650 etiam
310 1589 449 1668 amplius,
466 1597 495 1648 ut
517 1590 631 1668 paulurn
647 1591 839 1650 tantummodo
858 1590 893 1650 ad
907 1592 1000 1666 imum,
1019 1591 1064 1649 cui

54 1674 221 1736 testiculus
237 1674 364 1733 insidere
387 1675 494 1752 possit,
513 1675 654 1749 integrum
671 1684 793 1734 maneat.
825 1675 882 1734 Sed
902 1676 993 1752 primo
1018 1691 1062 1732 re-

59 1767 134 1820 ctus
156 1757 315 1836 scalpellus
341 1773 423 1836 quarn
455 1757 599 1816 levissima
627 1775 709 1818 manu
734 1759 826 1818 teneri
850 1758 946 1834 debet,
969 1758 1064 1816 donec

60 1851 199 1903 scrotum
228 1844 321 1921 ipsum
354 1841 484 1900 diducat:
521 1849 578 1900 tum
607 1841 784 1901 inclinandus
814 1858 912 1902 macro
939 1851 998 1918 est,
1034 1849 1063 1901 ut

14 1937 254 1991 retransversas
281 1925 460 2000 membranas
494 1933 592 1998 secet,
632 1943 705 2002 qaae
734 1927 808 1985 inter
838 1943 972 1985 summam
1005 1942 1062 1984 nre·

63 2012 203 2088 diemque
218 2011 340 2068 tunicam
356 2017 429 2068 suat.
451 2007 507 2084 Ac,
523 2010 547 2065 si
562 2009 657 2066 vitiurn
677 2010 703 2066 iu
720 2011 850 2088 proximo
868 2017 927 2084 εει,
943 2008 1062 2067 mediam

63 2095 194 2155 tunicam
208 2093 308 2168 attingi
322 2111 379 2152 ncn
394 2100 524 2171 oportet:
550 2093 573 2149 si
590 2091 641 2149 sub
660 2091 709 2150 illa
727 2109 841 2170 quoque
859 2092 999 2167 conditur,
1021 2100 1061 2150 et·

66 2183 128 2240 ianr
144 2177 192 2236 illa
207 2176 358 2236 incidenda
374 2185 432 2242 est:
459 2177 533 2233 sicut
547 2177 629 2234 tertia
646 2193 776 2254 quoque,
799 2177 823 2234 si
839 2175 887 2235 illa
910 2177 1006 2234 vitium
1020 2183 1061 2232 te·

68 2264 125 2340 gn.
158 2260 337 2338 Ubicumque
358 2269 451 2319 autern
475 2266 619 2337 repertum
640 2259 742 2318 malum
768 2267 829 2334 est,
852 2261 1006 2317 ministrum
1026 2257 1061 2316 ab

26 2371 57 2411 25
70 2343 211 2405 inferiore
228 2352 310 2422 parte
325 2343 488 2419 exprimere
504 2342 652 2401 moderate
668 2352 794 2402 scrotum
810 2351 941 2421 opertet:
973 2341 1061 2400 rnedi-

67 2447 156 2502 *cum‚
173 2427 263 2504 digito
279 2425 496 2486 manubriolove
512 2425 644 2502 scalpelli
661 2425 802 2486 diductam
820 2426 958 2485 inferiore
981 2434 1062 2504 parte

69 2513 195 2573 tunicam
211 2521 291 2570 extra
307 2509 469 2578 ccllccnre;
494 2509 597 2568 deiude
617 2525 680 2568 earn
695 2510 884 2586 lemausum,
900 2510 976 2588 quod
994 2529 1009 2568 a
1025 2511 1061 2568 si·

70 2595 229 2656 militudiue
248 2609 366 2654 corvum
381 2601 497 2667 vocant,
514 2593 641 2654 incidere
657 2595 699 2652 sic
732 2603 762 2653 ut
780 2595 887 2654 intrare
899 2595 954 2654 duc
970 2594 1061 2670 digiti,

72 2679 162 2740 iudex
177 2689 204 2738 et
219 2679 339 2755 medius,
355 2680 481 2757 possint:
505 2677 548 2736 his
560 2675 664 2736 deinde
672 2675 824 2750 conjectis,
837 2675 1007 2752 excipienda
1019 2692 1061 2735 re·

33 2795 62 2834 30
73 2766 155 2842 lique
168 2781 234 2841 pars
248 2763 361 2821 tunicae
378 2770 406 2820 et
420 2763 493 2820 inter
509 2761 615 2838 digitus
632 2762 788 2839 scalpellus
801 2762 989 2821 immittendus
1007 2769 1062 2833 est,

76 2847 313 2924 eximendumque
325 2855 373 2906 aut
389 2845 589 2904 effundendum
602 2846 738 2923 quidquid
750 2855 795 2904 εει
806 2847 931 2904 naxium.
959 2845 1061 2916 Quam·

78 2948 198 3008 cumque
215 2939 308 2990 autem
323 2931 444 2988 tunicam
458 2930 521 3006 quis
536 2928 669 3002 violavit
692 2928 768 2986 illam
783 2945 898 3005 quoque
910 2925 995 2984 debet
1012 2941 1061 2982 ex·

80 3013 189 3082 cidere;
219 3031 253 3072 ae
274 3013 395 3072 mediam
416 3011 545 3089 quidem,
575 3021 703 3089 utsupra
720 3011 792 3085 dixi,
818 3028 900 3088 quam
923 3009 1061 3068 altissime

80 3099 139 3160 ad
132 3115 247 3174 unguem
270 3099 353 3158 imam
369 3104 470 3172 autern,
486 3095 588 3194 paulp
585 3095 667 3154 inira
701 3091 834 3154 Ceterum
849 3101 999 3170 antequam
1012 3111 1061 3152 ex·

41 3213 69 3257 ts
81 3183 219 3257 uidentur
241 3199 334 3240 venae
356 3196 471 3259 quoque
490 3179 588 3236 vinciri
604 3178 660 3238 lino
683 3195 807 3236 summae
824 3177 942 3244 debent;
956 3185 984 3236 et
1000 3179 1063 3252 ejus

80 3267 131 3328 lini
147 3265 235 3342 capita
252 3276 332 3326 extra
350 3265 463 3344 plagam
477 3261 664 3339 relinquenda
680 3269 761 3338 sunt,
782 3264 854 3322 sicut
868 3263 897 3320 in
913 3261 975 3322 aliis
991 3279 1063 3338 qua·

83 3350 245 3430 quereris,
269 3367 342 3426 quae
364 3347 392 3407 id
413 3347 606 3424 requisierint.
637 3343 680 3404 lto
697 3344 790 3421 lactc,
816 3346 965 3406 testiculus
988 3344 1062 3400 intus

83 3433 260 3514 reponendus
276 3441 335 3494 est:
363 3449 491 3508 oraeque
514 3430 603 3490 scroti
626 3430 729 3488 suturis
747 3429 821 3491 iuter
837 3449 869 3490 se
888 3426 1061 3494 committen-
1153 3457 1156 3460 ·
