2392 3906
146 180 204 242 104
436 191 469 238 ι.
487 190 517 237 c.
533 187 631 238 cnusr
648 187 841 238 uuurcrusu

143 349 233 422 ciunt,
255 353 286 404 ut
299 347 393 406 riuum
412 347 441 404 in
458 343 606 404 stomacho
622 346 817 421 contineatur,
837 353 933 423 exque
950 361 987 404 eo
1002 343 1058 403 toti
1079 355 1145 402 cor·

142 433 207 509 pori
227 430 322 506 calor,
337 431 475 508 venisque
503 431 546 488 vis
570 427 680 487 redeat.
712 428 846 489 Ultimum
867 429 1003 489 auxilium
1023 425 1147 500 est,iu

143 516 236 575 alvum
257 516 385 593 ptisanae
408 512 455 571 vel
470 511 562 572 alicae
578 527 737 571 cremorem
755 529 792 571 ex
807 512 993 572 inferioribus
1010 507 1148 590 partib·

139 595 257 658 indere:
275 598 414 676 siquidem
429 597 458 656 id
473 613 586 674 quoque
602 597 797 655 virestuetur.
828 596 931 675 Neque
945 596 1077 656 alienum
1090 600 1148 665 est,

142 682 259 742 neribus
282 699 397 761 quoque
420 682 573 740 aestuantis
593 679 763 756 admovere,
787 680 879 758 quod
888 681 1012 747 redciat3
1042 677 1079 737 id
1104 683 1170 735 ests

142 785 238 827 rosam
255 775 284 825 et
301 767 410 826 viuum:
425 773 454 823 et
469 765 494 821 si
508 781 563 842 qua
577 764 605 823 in
621 764 758 823 extremis
772 763 900 842 pertibus
911 763 1027 840 frigent,
1047 761 1153 820 uncfis

142 861 171 912 et
195 850 294 910 calidis
314 849 443 910 manibus
463 848 575 906 lovere.
607 847 663 907 Per
681 864 756 928 quse
777 849 802 906 si
823 851 961 928 consequi
983 849 1152 925 potuimus,

142 945 172 996 ut
194 945 222 994 et
243 935 355 994 sudoris
378 935 499 1010 impetus
519 933 673 1004 minuatur,
694 940 723 991 et
742 931 800 992 rita
825 941 1016 1012 prorogetur,
1039 929 1154 1008 incipit
1190 961 1192 982 t

138 1023 198 1095 jam
215 1029 327 1096 tempus
344 1018 437 1094 ipsum
457 1033 523 1074 esse
545 1016 700 1094 praesidio.
732 1015 788 1076 Ubi
805 1033 872 1076 esse
894 1018 997 1076 intuto
1012 1014 1152 1086 ridetur,
1191 1019 1192 1022 ’

142 1102 297 1162 verendum
311 1111 405 1160 temen
422 1108 482 1175 est,
503 1117 539 1158 ne
558 1102 585 1158 in
607 1100 735 1159 eamdem
749 1099 974 1160 imbecillitatem
989 1101 1052 1158 cito
1071 1097 1181 1156 reci-¹⁰

142 1187 204 1246 dat:
230 1187 341 1263 itaque,
364 1185 429 1242 vino
453 1183 646 1244 tantummodo
667 1193 797 1260 remoto,
819 1184 946 1263 quotidie
968 1181 1154 1243 validiorem

144 1269 236 1330 cibum
250 1269 337 1328 debet
352 1285 515 1343 assumere,
532 1268 626 1327 donec
639 1269 708 1328 satis
725 1269 824 1327 virium
838 1270 957 1348 corpori
971 1266 1094 1328 redeat.

1188 1359 1192 1480 l

492 1506 517 1566 O
528 1507 558 1566 A
568 1506 594 1565 P
608 1507 673 1566 UT
702 1508 734 1566 X
744 1507 787 1568 X.

534 1623 570 1672 De
582 1621 747 1686 Lethargicis.

198 1772 283 1832 Alter
299 1788 415 1851 quoque
429 1771 546 1831 morbus
564 1782 617 1850 est,
635 1773 719 1833 aliter
733 1773 904 1853 phrenetico
922 1774 1104 1833 contrarius.
1121 1773 1178 1833 lun

142 1873 178 1916 eo
194 1855 339 1915 diissoilior
354 1874 483 1932 somnus,
500 1866 610 1934 promte
632 1857 667 1916 ad
685 1875 797 1918 omnem
815 1857 962 1918 audaciam
976 1875 1062 1917 mens
1087 1867 1150 1918 est:
1188 1799 1192 1922 b

142 1941 168 1998 ic
182 1939 240 1999 hoc
257 1955 380 2015 marcor,
395 1949 424 1998 et
438 1940 670 2019 inexpugnabilis
685 1959 778 2020 paene
795 1940 955 2001 dormiendi
966 1945 1150 2002 necessitas.

140 2015 325 2103 Λήθαργον
340 2023 443 2083 Graeci
459 2027 646 2085 nominarunt
683 2026 778 2104 Atque
792 2025 820 2086 ld
834 2043 951 2104 quoque
967 2043 1067 2101 genus
1082 2044 1191 2086 acu·

141 2117 198 2168 tum
220 2116 281 2182 ιιι,
303 2117 332 2166 et
351 2109 404 2166 nisi
428 2110 618 2183 succurritur,
640 2110 776 2170 celeriter
791 2109 916 2208 jngulat.
946 2108 1007 2168 llos
1030 2125 1152 2187 aegros

141 2192 254 2272 quidam
269 2191 389 2252 subinde
403 2194 531 2253 excitare
545 2195 686 2271 nituntur,
703 2194 856 2254 admotis'
838 2211 888 2267 ns,
910 2211 964 2272 per
976 2209 1052 2270 quae
1073 2203 1175 2254 ster-tt

140 2285 302 2337 nutameuta
320 2287 494 2353 evocantur,
518 2287 547 2336 et
561 2279 595 2336 iis
612 2297 685 2356 quae
702 2279 794 2337 odore
811 2277 900 2336 foedo
915 2285 1047 2344 movent:
1079 2295 1151 2356 qus·

141 2361 176 2420 lis
192 2369 238 2420 est
256 2362 306 2439 pix
320 2360 422 2436 cruda,
439 2361 505 2420 lena
520 2362 654 2436 succida,
674 2363 775 2440 piper,
791 2370 946 2436 veratrum,
963 2369 1150 2435 castoreum,

141 2454 269 2519 aoemm,
285 2444 397 2520 allium,
419 2461 501 2522 cepa.
538 2446 625 2505 Juxta
640 2446 725 2504 etiam
739 2442 891 2520 galbanum
905 2442 1079 2519 incendunt,
1097 2453 1152 2504 aut

141 2527 233 2602 pilos,
256 2535 302 2585 aut
325 2545 413 2586 cornu
434 2529 595 2594 cervinum3
624 2529 648 2586 si
669 2527 697 2586 id
717 2543 775 2586 non
796 2535 856 2604 est,
883 2528 1031 2606 quodlibet
1054 2528 1150 2588 aliud.

141 2609 275 2668 Tharrias
290 2625 363 2668 vero
380 2609 503 2686 quidam,
519 2611 699 2670 ιοιιιιιοιιίι
713 2610 743 2669 id
757 2611 861 2670 malum
877 2629 943 2671 esse
958 2612 1042 2687 dixit,
1061 2612 1148 2671 lere·
1157 2628 1175 2668 ιι

140 2695 222 2770 rique
246 2708 330 2769 quum
351 2709 385 2750 es
406 2691 547 2752 decessit.
570 2695 666 2772 itaque
689 2710 756 2769 eos,
784 2697 832 2778 qui
858 2694 978 2755 subinde
1000 2697 1149 2770 excitent,

141 2777 202 2835 sine
219 2793 270 2834 usu
288 2773 362 2833 male
380 2773 497 2834 babere.
529 2775 653 2836 lnterest
673 2781 806 2853 autem,'
799 2796 827 2837 ιιι
843 2778 1017 2840 decessione
1034 2797 1149 2858 exper-

140 2861 269 2938 giscatur
283 2875 387 2935 aeger,
408 2876 444 2918 au
460 2875 545 2937 quum
559 2860 651 2920 febris
665 2877 722 2922 non
742 2862 871 2938 leretur,
894 2872 942 2922 aut
957 2863 1050 2922 levata
1071 2879 1148 2960 quq-

141 2961 197 3022 que
222 2961 256 3002 ea
280 2959 396 3002 somnus
418 2952 529 3020 urgeat.
561 2943 633 3004 Num
654 2946 677 3003 si
700 2946 928 3022 expergiscitur,
946 2945 1087 3006 adbibere
1103 2947 1146 3022 ei,

141 3036 170 3086 ut
184 3029 290 3105 sopito,
306 3045 515 3106 supervacuum
531 3037 590 3088 cst:
611 3047 705 3106 neque
721 3029 795 3089 enirn
811 3029 957 3107 vigilando
974 3030 1081 3090 melior
1094 3031 1175 3098 ιίιςιι

141 3111 193 3169 sed
209 3129 263 3190 per
278 3129 321 3186 se,
338 3113 362 3170 si
376 3112 478 3171 melior
494 3120 553 3185 est,
575 3112 686 3190 vigilat.
719 3114 750 3172 si
765 3131 837 3174 vero
852 3115 1005 3173 continens
1019 3116 1045 3173 ei
1064 3131 1145 3174 som-

139 3211 193 3254 nus
215 3204 275 3270 cst,
296 3196 393 3273 utique
415 3195 584 3256 excitandus
606 3205 665 3266 est;
690 3196 741 3256 sed
758 3196 800 3255 'iis
824 3196 1018 3275 temporibus,
1035 3197 1145 3275 quibus

139 3278 231 3338 febris
246 3279 392 3338 levissima
408 3289 462 3353 est,
478 3287 508 3338 ut
522 3289 551 3340 ιι
566 3289 705 3340 excernat
721 3279 837 3359 aliquid,
853 3289 883 3339 et
900 3290 1000 3341 sumat.
1023 3280 1144 3341 Excitat

140 3372 234 3423 autem
254 3361 429 3422 validissime
450 3373 572 3442 repente
594 3382 667 3443 aqua
689 3363 793 3440 frigida
815 3364 916 3424 infusa.
949 3363 1018 3424 Post
1039 3368 1141 3426 retnis·

140 3449 250 3508 sionem
264 3448 377 3524 itaque,
393 3457 561 3525 perunctum
577 3449 644 3508 oleo
659 3447 747 3506 multo
762 3464 881 3526 corpus,
899 3447 990 3507 tribus
1005 3458 1052 3510 aut
1068 3467 1139 3528 qua·
1149 3461 1170 3501 ιι
