2392 3906
62 232 66 239 -
175 195 236 256 112
315 187 317 194 '
464 168 874 255 commurmurantes

173 364 264 438 ditas,
282 361 424 440 simulque
439 369 468 420 et
483 359 547 436 sol,
566 369 595 420 et
609 361 714 436 frigus:
732 377 766 420 os
780 359 985 437 obtegendum,
1002 358 1095 420 lauces
1107 377 1141 418 ve·

172 447 292 521 landae,
308 445 445 505 tussicula
465 448 524 504 suis
535 444 669 504 remediis
684 444 821 504 finienda:
843 453 888 520 et,
902 443 1039 521 ¹quamdiu
1052 443 1142 522 quiden

171 530 314 591 febricula
329 531 473 604 incursat,
492 528 559 588 huic
572 527 711 588 interdum
726 527 914 603 abstinentia,
933 527 1072 586 interdum
1082 528 1144 586 etian

171 615 354 693 tempestivis
381 613 455 672 cibis
479 612 662 680 medendum:
684 629 778 692 eoque
793 621 926 690 tempore
940 611 1064 672 bibenda
1081 628 1144 688 aqua.

171 699 229 759 Lac
245 715 371 778 quoquc,
387 696 464 776 quod
482 698 510 755 iu
528 698 630 776 capitis
645 695 812 772 doloribus,
835 705 863 755 et
878 697 906 754 iu
922 698 1013 756 acutis
1028 695 1156 768 lababunt

173 793 200 841 et
216 801 271 862 per
286 801 336 842 eas
350 781 427 842 facta
442 781 526 839 nimia
542 783 604 856 siti,
621 798 671 856 sc,
693 782 756 840 sive
774 779 947 859 praecordia
963 788 1083 854 tument,
1102 781 1145 838 siu

150 868 152 883 '
171 867 277 926 biliosa
298 867 379 925 urina
402 874 460 941 est,
491 867 552 924 sive
576 865 694 940 sanguis
714 864 810 938 fluxit,
832 881 887 941 pro
910 859 1024 924 veneno
1049 871 1104 932 est;
1128 864 1145 919 in

172 950 279 1030 phthisi
301 958 411 1025 tamen,
430 951 504 1008 sicut
523 951 552 1008 in
572 948 703 1009 omnibus
723 948 820 1024 longis
843 947 1067 1025 difficilibusque
1081 946 1145 1006 febri

172 1035 260 1107 culis,
282 1042 364 1092 recte
389 1031 449 1092 dari
466 1042 564 1111 potest
587 1031 683 1112 (Apis.
700 1033 735 1109 V,
753 1032 820 1107 64).
857 1031 941 1106 Quod
964 1032 989 1090 si
1012 1032 1100 1091 febris
1116 1037 1147 1088 aut

173 1117 299 1177 nondum
313 1112 455 1190 incursat,
478 1127 525 1176 aut
542 1118 603 1192 jam
622 1119 746 1194 remisit,
769 1115 978 1177 decurrendum
995 1125 1042 1176 est
1060 1115 1162 1174 admo-t

172 1202 252 1261 dicas
275 1202 518 1278 exercitationes,
545 1202 725 1280 maximeque
748 1199 971 1269 ambulationes;
994 1202 1064 1275 item
1086 1199 1146 1258 lenes

171 1286 332 1344 frictiones.
361 1283 498 1344 Balneum
520 1285 644 1345 alienum
665 1293 720 1344 est.
768 1283 858 1344 Cibus
880 1301 948 1344 csse
969 1282 1058 1344 debet
1077 1285 1146 1360 print

172 1387 250 1444 acer,
267 1378 297 1428 ut
313 1369 420 1444 allium,
436 1387 562 1448 porrum,
579 1369 665 1446 idque
679 1371 772 1448 ipsum
787 1387 824 1428 en
840 1377 935 1443 aceto,
951 1367 999 1428 vel
1013 1386 1052 1426 ex
1068 1365 1147 1426 eodan

172 1453 302 1530 intubas,
324 1453 461 1528 ocimum,
484 1453 613 1534 lactuca:
636 1452 740 1512 deinde
757 1453 849 1527 leuis,
870 1462 900 1512 ut
921 1450 1046 1512 sorbitio
1063 1469 1097 1510 ex
1112 1450 1146 1528 pti

172 1556 256 1614 sana,
273 1537 321 1596 vel
339 1555 375 1595 ex
391 1537 483 1612 alica,
500 1537 548 1596 vel
564 1555 602 1596 ex
621 1538 733 1612 amylo,
752 1537 826 1596 lacte
843 1535 967 1611 adjecto.
1007 1535 1086 1595 idem
1102 1549 1161 1604 ort-t

173 1639 205 1680 na
224 1639 355 1698 quoque,
372 1631 416 1695 et,
433 1622 457 1679 si
472 1621 541 1681 nihil
556 1620 631 1681 aliud
648 1631 708 1697 est,
730 1621 775 1680 far
789 1629 926 1698 praestat.
961 1620 1034 1680 'l'um
1049 1619 1147 1678 invicen

172 1704 257 1764 modo
273 1704 318 1764 nis
335 1703 424 1780 cibis,
440 1705 527 1764 modo
542 1705 599 1766 illis
615 1705 748 1765 utendum
765 1714 823 1773 cst:
845 1704 1069 1783 adjiciendaque
1084 1719 1146 1782 qaae

173 1789 237 1848 dam
253 1806 291 1847 en
305 1787 399 1847 media
414 1789 547 1863 materia,
567 1790 782 1868 praecipueque
798 1788 992 1865 cerebellum,
1017 1788 1067 1849 vel
1085 1786 1147 1867 pisci

172 1872 271 1947 culus,
294 1881 323 1930 et
345 1871 389 1930 bis
410 1871 521 1931 similia.
555 1871 657 1933 Farina
680 1875 765 1934 etiam
788 1892 851 1934 oum
874 1891 946 1934 sevo
967 1873 1060 1934 ovillo
1078 1869 1147 1950 capri·

170 1973 248 2014 nove
268 1957 371 2032 mixta,
402 1954 507 2015 deinde
530 1957 643 2017 incocta
665 1975 718 2036 pro
739 1958 949 2019 medicamento
973 1967 1030 2018 est.
1066 1959 1162 2019 Vinmt

172 2041 278 2098 assumi
294 2039 382 2098 debet
400 2039 482 2114 leve,
502 2051 646 2100 austerum
661 2043 716 2120 (cf.
733 2041 783 2119 llI,
798 2042 854 2108 21;
869 2042 921 2115 lv,
940 2041 1007 2120 18).
1023 2043 1146 2104 llactenus

170 2140 344 2200 nonmagna
359 2123 436 2184 mole
453 2135 611 2204 pugnatur:
635 2127 659 2185 si
674 2126 873 2186 vehementior
894 2145 970 2187 noxa
985 2137 1048 2204 est,
1072 2139 1146 2185 acne·

172 2226 228 2287 que
250 2207 409 2283 febricula,
432 2227 527 2286 neque
545 2210 633 2271 tussis
648 2211 788 2289 quiescit,
811 2212 980 2288 tenuarique
994 2227 1102 2288 corpus
1114 2223 1146 2283 sp·

170 2301 265 2372 paret,
279 2291 468 2354 validioribus
483 2295 598 2354 auxiliis
616 2311 691 2372 opus
706 2302 760 2354 est.
781 2293 1014 2356 Exulcerandum
1031 2303 1076 2354 est
1088 2293 1146 2351 ferro

172 2376 320 2452 candenti,
340 2393 396 2437 uno
410 2377 477 2437 loco
494 2377 546 2436 sub
561 2387 673 2453 meato,
697 2377 789 2438 altero
805 2378 833 2436 in
848 2385 980 2454 gutture,
1004 2377 1113 2439 duobos
1124 2369 1163 2431 alti

171 2477 318 2519 mammam
337 2470 502 2539 utramque;
523 2463 591 2520 item
607 2461 659 2520 sub
674 2461 737 2520 imis
754 2460 870 2520 ossibus
889 2462 1083 2541 scapularum,
1097 2473 1147 2537 quus

172 2532 369 2620 ὠμοπλάτας
385 2543 490 2604 Graeci
507 2553 629 2619 vocant,
654 2545 712 2620 sic,
734 2561 771 2604 ne
793 2561 949 2606 sanescere
972 2547 1074 2607 ulcera
1093 2545 1147 2602 sioa-

171 2643 250 2701 mus,
266 2627 320 2684 uisi
339 2629 409 2685 tussi
422 2627 515 2687 linita:
534 2629 580 2686 cui
596 2645 648 2704 per
660 2647 692 2688 se
709 2645 824 2706 quoque
840 2629 1011 2690 medendum
1028 2647 1095 2690 esse
1108 2641 1148 2685 ua·

133 2767 139 2788 ‚
171 2709 307 2770 bifestum
329 2717 383 2768 est.
422 2709 501 2769 'lunc
520 2719 565 2769 ter
586 2719 723 2788 quaterve
744 2713 791 2772 die
812 2713 999 2774 vehementer
1021 2722 1148 2774 extremae

171 2801 269 2873 partes
293 2792 509 2872 perfricandae,
534 2793 639 2854 thorax
659 2795 717 2856 levi
739 2814 822 2858 manu
841 2799 1077 2875 pertractandos,
1098 2797 1165 2872 posta

173 2877 266 2938 cibum
280 2877 490 2938 intermittenda
506 2879 593 2955 hora,
622 2889 650 2938 et
666 2879 850 2957 perfricanda
867 2900 950 2941 crura
972 2881 1147 2955 brachiaque:

171 2961 349 3042 interpositis
371 2961 452 3024 denis
474 2961 592 3039 dicbus,
616 2963 806 3026 demittendus
831 2974 876 3025 cst
897 2985 987 3044 aeger
1009 2967 1039 3024 in
1054 2963 1148 3028 solinu,

171 3047 200 3106 in
218 3063 273 3122 quo
290 3047 326 3105 sit
341 3064 415 3124 aqua
431 3045 522 3108 calida
539 3054 568 3105 et
583 3047 692 3108 oleum:
709 3050 815 3109 ceteris
827 3050 928 3110 diebus
943 3049 1067 3110 bibenda
1077 3059 1146 3124 aqut:
1173 3087 1174 3124 ,

171 3139 229 3189 tum
253 3137 281 3188 et
295 3130 406 3205 vinum,
428 3131 556 3191 situssis
573 3149 632 3191 non
650 3142 708 3210 est,
729 3135 810 3212 potui
833 3134 966 3212 frigidum
986 3122 1146 3195 dandami
1173 3127 1174 3214 i

172 3220 233 3286 est,
257 3212 412 3288 egelidum.
441 3215 586 3275 Utile'est
602 3218 686 3276 etiam
708 3217 790 3278 eibos
810 3219 838 3277 in
855 3219 1069 3280 remissionibus
1091 3215 1174 3292 until

171 3295 240 3356 tidie
253 3295 329 3355 dari:
346 3295 496 3357 frictiones
506 3303 743 3379 gestationesque
756 3302 885 3361 similiter
901 3302 1046 3364 adbiberi:
1064 3297 1146 3359 eadcu

172 3381 250 3441 acria
267 3387 368 3459 quarto
387 3389 433 3440 aut
457 3384 553 3462 quinto
573 3384 620 3444 die
642 3403 774 3444 sumere:
799 3386 938 3445 interdurn
962 3385 1076 3446 herbam
1095 3395 1144 3440 san·
1173 3403 1174 3446 t

172 3464 315 3542 guinalem
333 3482 375 3524 ‚ex
396 3474 498 3541 aceto,
525 3468 573 3526 vel
600 3469 795 3546 plantaginem
814 3486 892 3528 esse.
928 3471 1144 3530 Medicamentum
1173 3507 1174 3520 2
