2372 3892
131 149 193 214 ³06
417 157 450 206 u.
468 155 499 204 c.
516 152 825 205 cmmumremun

129 316 177 390 sit,
194 310 271 392 quod
289 311 386 370 vitium
408 307 511 371 Graeci
525 306 682 388 ,φίμωσιν
702 305 864 386 appellant,
887 303 1066 384 aperienda
1082 311 1131 372 mn

129 396 206 476 quod
222 395 278 455 hoe
292 394 378 454 modo
397 393 427 452 fit
441 392 487 469 (Ρ.
504 392 582 468 Aeg.
606 389 656 464 Vl,
679 391 753 468 55):
778 389 881 448 subter
903 408 921 448 a
940 405 1064 448 summa
1081 405 1134 464 ora,

129 482 202 540 eutis
218 478 350 538 inciditur
365 485 445 538 recta
462 475 537 536 lineo
555 492 647 552 usque
664 473 700 534 ad
719 473 847 542 irennm;
866 481 969 550 atque
995 474 1038 532 ita
1060 489 1134 550 supe·

128 565 187 624 rius
202 572 301 639 tergus
314 560 488 634 relaxatum,
506 558 613 620 cedere
627 566 706 616 retro
729 564 835 636 potest.
867 555 968 630 Quod
995 558 1023 614 εἰ
1046 572 1138 632 parum

14 705 16 710 .
128 649 172 708 sic
188 645 350 725 proiectum
363 652 431 719 est,
453 653 500 703 aut
522 650 643 720 propter
669 641 834 718 angustias,
856 648 910 699 eut
932 649 1074 718 propter
1096 638 1150 698 dns

127 732 220 791 ritiem
235 729 377 804 tergoris,
400 728 530 806 protinus
546 724 688 800 triangula
708 723 800 784 foruna
823 725 900 782 cutis
931 723 975 784 ab
1001 723 1138 782 inferiore

128 823 211 893 parte
233 809 391 871 excidenda
413 818 458 870 est
475 809 533 884 sic,
554 817 584 878 qt
600 816 704 867 vertex
718 808 781 882 ejus
796 807 831 868 ad
848 805 994 882 frenum,
1023 805 1140 866 basisin

128 907 212 974 tergo
229 905 357 956 extremo
375 895 419 954 sit.
450 891 518 954 l’unt
529 889 711 968 superdanda
724 891 879 950 linamenta
904 899 1000 967 sunt,
1031 891 1138 968 aliaque

127 980 334 1040 medicamenta
351 994 424 1056 quae
440 975 475 1036 ad
490 977 639 1036 sanitatem
654 973 822 1052 perducant.
850 973 1087 1038 Necessarium
1101 992 1139 1034 au·

127 1073 186 1126 tem
200 1071 259 1138 est,
276 1061 370 1120 donee
387 1061 506 1120 cicatrix
519 1061 570 1135 sit,
587 1059 814 1136 conquiescere:
830 1075 896 1116 nam
911 1057 1092 1120 ambulatio
1106 1067 1162 1122 atur
1184 1084 1186 1163 q

127 1145 248 1206 terendo
266 1143 345 1201 ulcus
362 1143 508 1203 sor'didum
521 1140 624 1202 reddit.

189 1224 343 1286 Infibulare
359 1243 475 1304 quoque
491 1224 728 1286 adolescentulos
748 1225 889 1284 interdurn
915 1227 1034 1300 vocis»,
1061 1226 1140 1283 inter·
1185 1230 1186 1253 ¹

128 1311 192 1369 dum
208 1308 376 1368 valetudinis
392 1328 493 1385 eausa,
510 1309 624 1386 quidam
642 1318 830 1368 consuerunt:
844 1309 979 1388 ejusque
999 1309 1085 1368 haee
1103 1325 1139 1366 ra·

129 1395 168 1452 tio
185 1402 238 1452 εει.
267 1391 357 1468 Cutis,
375 1411 449 1472 quae
465 1411 554 1471 super
568 1391 704 1470 glandem
721 1401 780 1470 est,
796 1391 992 1468 extenditur,
1012 1401 1138 1452 notatur-

128 1495 184 1555 que
202 1477 341 1555 utrimque
356 1496 372 1536 a
387 1475 524 1536 lateribus
539 1485 713 1552 atramento,
728 1493 785 1553 qua
800 1476 994 1554 perforetur;
1037 1473 1160 1535 deindec

126 1561 287 1620 remittitur.
319 1561 348 1620 Si
369 1577 457 1637 super
481 1558 615 1635 glandem
637 1569 723 1618 notae
746 1568 951 1636 revertuntur,
977 1561 1074 1619 nimis
1095 1575 1137 1636 on

129 1643 302 1722 prehensum
317 1651 378 1720 est,
401 1651 430 1702 et
445 1642 519 1702 ultra
535 1645 627 1702 notari
645 1642 747 1702 debet:
776 1644 801 1703 si
815 1643 901 1720 glans
918 1643 959 1702 ab
977 1643 1031 1721 his
1048 1643 1136 1706 libem
1185 1648 1186 1661 ¹

129 1736 188 1802 est,
203 1727 228 1784 is
241 1726 323 1786 loeus
337 1727 459 1786 idoneus
476 1724 581 1786 subulae
597 1735 651 1786 est.
681 1725 761 1802 Tum,
779 1744 835 1804 qua
849 1735 942 1787 notae
958 1738 1052 1805 sunt,
1070 1727 1136 1786 entis

128 1827 181 1868 acu
200 1808 275 1868 filum
294 1809 417 1869 ducente
427 1811 612 1884 transsuitur,
620 1811 742 1886 ejusque
754 1809 795 1869 iili
810 1811 906 1889 capita
925 1810 1010 1870 inter
1035 1831 1072 1872 se
1093 1809 1133 1868 de·

128 1890 270 1966 ligantur,
288 1893 474 1969 quotidieque
490 1890 518 1951 id
532 1902 674 1970 movetur,
690 1891 783 1956 donee
806 1895 885 1952 eirca
911 1893 1070 1954 foramina
1099 1893 1156 1952 cin
1185 1930 1186 1937 ι

128 1974 284 2034 catriculce
297 1975 372 2036 fiant.
402 1975 459 2036 Ubi
476 1993 529 2034 ece
547 1976 731 2036 confirmatae
747 1986 827 2053 sunt,
845 1987 966 2036 exemto
978 1979 1036 2038 iilo
1051 1975 1132 2038 fibula

129 2055 256 2132 additur,
282 2077 356 2136 quae
383 2076 441 2136 quo
475 2057 583 2136 levior,
608 2076 643 2118 eo
660 2060 831 2120 meliorest.
860 2059 919 2119 Sed
937 2059 1000 2122 hoe
1018 2061 1149 2142 quiden,
1185 2070 1186 2102 l

128 2141 244 2220 saepius
260 2143 334 2201 inter
349 2160 541 2220 supervacua,
557 2161 640 2220 quam
657 2144 730 2203 inter
744 2146 912 2204 necessaria
930 2156 987 2206 est.

436 2308 620 2370 CAPUT
652 2306 807 2372 XXVI.

286 2434 288 2438 ‘
336 2427 374 2476 De
393 2423 527 2492 mingendi
538 2426 694 2491 difficultate,
708 2435 733 2478 et
742 2429 879 2481 curatione.
1072 2451 1078 2464 ·
1136 2427 1151 2466 fi
1185 2394 1186 2407 l

131 2638 137 2650 .
193 2557 219 2614 1.
241 2557 302 2616 lies
317 2578 387 2620 vero
402 2563 541 2624 interdum
558 2563 638 2640 cogit
658 2565 770 2625 emoliri
789 2566 1018 2642 mennonium,
1046 2583 1129 2644 quun

129 2635 178 2696 ulla
189 2655 245 2696 non
260 2639 400 2720 redditur,
416 2655 463 2703 aut
481 2649 546 2724 quia
561 2656 711 2708 senectute
729 2649 784 2708 iter
800 2650 864 2724 ejus
885 2648 1058 2727 collapsum
1075 2658 1136 2724 est¹

130 2729 177 2779 aut
193 2723 257 2800 quin
273 2724 416 2802 calculus,
439 2728 486 2787 vel
503 2739 670 2789 concretum
686 2730 793 2808 aliquid
818 2751 856 2792 ex
879 2735 1028 2809 sanguine
1054 2735 1128 2800 intus

128 2822 161 2864 se
179 2807 329 2884 opposuit:
356 2827 389 2870 uc
415 2811 569 2872 mediocris
593 2831 709 2893 quoque
731 2816 912 2876 inflammatio
936 2833 1034 2894 scope
1065 2833 1126 2876 eam

128 2889 209 2948 reddi
227 2893 392 2953 naturaliter
413 2893 546 2972 prohibet
566 2895 612 2973 (P.
633 2897 710 2974 Aeg.
731 2898 781 2974 Vl,
801 2899 867 2978 60).
896 2898 992 2976 quue,
1006 2918 1071 2960 non
1099 2900 1150 2956 inc

128 2971 196 3066 viris
213 2976 421 3054 tantummodo,
438 2977 531 3037 sedin
551 2979 663 3039 leminis
688 2998 803 3061 quoque
821 2982 961 3044 interdum
984 2999 1124 3042 neeessa-

128 3069 197 3112 rrum
214 3067 267 3116 est.
288 3055 368 3134 lingo
381 3061 614 3144 aeneaeiistulae
633 3064 716 3134 irunt;
743 3085 833 3143 quae,
853 3075 883 3124 nt
904 3067 980 3125 omni
1002 3065 1123 3145 corpori

129 3136 260 3231 ampliori
273 3143 432 3222 minorique
448 3145 600 3220 sufficiunt,
615 3147 756 3208 admones
769 3158 841 3215 tres:
858 3148 894 3208 ad
907 3149 1030 3209 feminas
1050 3150 1122 3209 dune

128 3215 241 3314 medico
253 3219 405 3314 'habendae
428 3238 505 3287 sunt:
531 3247 568 3287 ex
583 3229 712 3290 virilibus
731 3233 853 3293 maxima
877 3233 1023 3292 decernet
1041 3235 1120 3312 qnin-

130 3315 185 3396 que
200 3299 368 3398 digitoqum
389 3309 659 3382 medindnodeeim;
681 3316 793 3374 minima
814 3335 935 3376 novem:
958 3335 996 3378 ex
1016 3317 1146 3375 mulie-u

129 3380 228 3442 ltrrbus
249 3400 341 3460 major
361 3406 479 3459 novem;
505 3396 596 3454 minor
617 3414 678 3456 sex.
714 3396 853 3460 Incurvas
872 3418 947 3468 vero
975 3417 1043 3460 esse
1070 3418 1118 3460 eas
