2372 3892
377 189 708 241 mmmm
972 179 1032 245 m

31 345 183 404 frontem:
200 343 304 404 deinde
317 345 434 404 cervice
449 347 594 423 resoluta,
612 365 667 426 que
682 355 768 408 notae
787 357 869 424 sunt,
888 365 977 408 venas
991 351 1033 408 in·

3 479 4 496 ι
34 428 153 502 cidere,
178 437 207 486 et
221 427 387 504 sanguinem
403 431 532 490 mittere:
557 431 604 490 ubi
620 433 689 491 satis
703 433 798 507 iluxit,
821 432 954 492 tenuibus
976 431 1032 492 ier·

3 557 4 566 ,
32 513 180 571 ramentis
198 511 335 572 adurere:
352 522 589 592 contratempora
606 515 719 592 quidem
734 516 840 591 timide,
857 533 893 574 ne
909 516 1034 590 subiecti

32 594 174 671 musculi,
191 597 238 671 qui
250 595 380 655 maxillas
397 605 510 674 tenent,
532 599 669 659 sentiant:
696 601 771 658 inter
784 599 906 658 frontem
922 617 992 658 reno
1005 609 1034 658 et

8 680 181 742 aventicen
194 678 388 756 vehementer,
406 689 436 740 ut
450 699 567 758 squama
585 681 621 741 ab
639 699 707 742 osse
722 683 851 743 secedat.
876 682 1034 742 Efficacior

36 771 138 822 tamen
154 764 304 822 etiamnum
317 770 362 821 est
379 762 516 825 dirorum
534 766 654 842 curatio,
673 767 721 845 qui
735 767 876 826 verticem
892 765 1033 844 usquead

3 889 4 904 ι
38 863 76 906 os
92 845 213 906 adurunt
230 848 289 923 sic,
310 855 339 904 ut
361 864 506 925 squamam
524 851 654 908 remittat.
693 849 752 910 Sed
774 849 842 908 nihil
858 849 960 909 melius
977 857 1032 926 est,

2 972 4 1007 ι
39 947 129 1008 quam
146 929 222 1008 quod
235 931 262 988 in
278 929 369 992 Gallia
387 949 502 1010 quoque
518 931 636 992 Comata
651 931 697 1009 lit,
711 932 758 993 ubi
773 951 864 992 venas
880 936 907 992 in
922 942 1033 1012 tempo·

3 1067 4 1074 ,
36 1013 124 1073 ribus
143 1023 171 1072 et
185 1015 213 1072 in
228 1014 380 1091 superiore
396 1017 496 1092 capitis
511 1024 592 1094 parte
610 1017 719 1094 legunt.
748 1015 858 1076 Adusta
873 1033 930 1095 quo
947 1016 1033 1076 modo

4 1121 28 1164 nu
40 1097 170 1157 curanda
192 1099 265 1171 sint,
289 1099 349 1173 jam
371 1098 507 1175 explicui.
538 1099 620 1160 Nune
649 1099 718 1160 illud
740 1099 861 1176 adjicio;
889 1117 983 1177 neque
1004 1108 1034 1158 ut
1091 1106 1093 1111 ⁴

3 1237 4 1262 2
40 1190 161 1240 crustae
183 1179 335 1258 decidant,
353 1198 447 1260 neque
469 1191 498 1242 ut
519 1183 601 1243 ulcus
621 1184 788 1264 impleatur,
812 1183 920 1243 adustis
939 1185 1032 1258 venis,

39 1282 114 1324 esse
136 1263 348 1343 properandum
356 1287 363 1334 ;
392 1283 428 1326 ue
451 1267 499 1326 vel
525 1269 642 1344 sanguis
664 1277 807 1346 erumpat,
829 1267 877 1326 vel
900 1268 957 1326 cito
981 1283 1034 1345 pus

3 1407 4 1416 ,
40 1350 257 1427 supprimatur:
280 1365 364 1426 quum
380 1366 433 1427 per
448 1350 505 1410 hoc
521 1353 688 1410 siccescere
705 1369 755 1410 eas
776 1353 963 1428 partes'opus
981 1351 1031 1416 sit;
1127 1419 1132 1424 ,

3 1429 4 1432 ’
40 1431 181 1510 perillud
199 1431 342 1492 exhauriri
365 1450 439 1511 opus
461 1451 520 1494 non
538 1435 596 1505 sit:
620 1436 644 1494 si
666 1435 779 1512 quando
800 1442 893 1493 tamen
916 1435 1035 1508 sanguis
1068 1482 1071 1486 .

3 1516 191 1595 recrepant,
217 1514 356 1576 infrianda
377 1516 582 1578 medicamenta
605 1536 688 1594 esse,
711 1535 785 1596 quae
806 1518 847 1576 sic
866 1517 1033 1592 sanguinem

2 1597 4 1657 J
42 1601 240 1678 supprimant,
257 1617 292 1658 ne
307 1599 435 1660 adurant.
465 1601 706 1675 Quemadmodum
722 1610 814 1662 autem
829 1617 920 1659 venae
936 1599 1033 1676 legen·

3 1681 4 1686 ’
43 1683 100 1744 dae
117 1687 188 1758 siut,
209 1683 333 1761 quidque
351 1684 436 1744 lectis
451 1684 495 1744 liis
511 1685 672 1747 laciendum
688 1686 738 1764 sit,
762 1702 845 1764 quum
865 1701 975 1744 venero
998 1681 1033 1742 ad

3 1823 4 1828 ,
44 1785 160 1827 crurum
175 1769 304 1844 varices,
320 1766 412 1828 dicam
427 1769 507 1848 (cap.
526 1769 592 1848 31).

370 2003 550 2067 CAPUT
584 2006 702 2066 VIII.

3 2105 34 2162 22⁰
174 2121 211 2170 De
228 2123 326 2170 aurium
343 2121 436 2171 morbis
453 2122 495 2184 qui
511 2135 587 2170 manu
606 2127 629 2170 et
647 2120 764 2185 scalpello
784 2129 909 2170 curantur.
979 2183 982 2189 Ι

110 2273 217 2332 Verum
241 2281 271 2332 ut
298 2271 375 2331 oculi
399 2271 585 2348 multiplicem
614 2271 804 2346 curationem,
831 2271 914 2330 etiem
936 2286 1035 2328 manus

47 2355 181 2432 exignum
206 2357 247 2416 sic
270 2357 297 2414 in
319 2355 434 2414 auribus
454 2355 601 2415 admodum
622 2372 714 2433 pauca
736 2362 816 2427 sunt,
839 2371 912 2431 quae
933 2354 961 2410 in
980 2352 1034 2411 hae

45 2441 205 2500 medicinae
220 2449 302 2518 parte
317 2446 483 2507 tractentur.
506 2439 587 2498 Solet
600 2448 693 2498 tannen
714 2439 831 2497 evenire
850 2437 897 2497 vel
911 2455 926 2496 a
943 2437 1034 2514 primo

48 2523 136 2584 natali
158 2523 204 2582 dic
221 2525 369 2601 protinus,
390 2523 438 2583 vcl
454 2531 556 2600 postea
572 2522 648 2582 laeta
672 2521 906 2597 exulceratione,
930 2518 1034 2579 deiude

11 2625 105 2686 anper
127 2609 290 2667 cicatricem
312 2623 379 2665 aure
400 2606 529 2684 repleta,
551 2614 581 2664 ut
604 2605 734 2666 foramen
755 2606 783 2664 in
805 2623 840 2664 ea
862 2604 969 2664 nullum
988 2606 1034 2680 sit,

48 2691 175 2768 ideoque
192 2691 323 2754 audiendi
338 2709 390 2749 usu
406 2698 512 2749 eareat.
537 2689 620 2764 Quod
635 2689 682 2749 ubi
699 2689 812 2764 incidit,
836 2688 959 2766 specillo
975 2696 1035 2746 teu·

48 2774 164 2838 tandum
181 2783 241 2851 est,
258 2775 352 2835 altene
373 2774 402 2834 id
421 2773 576 2851 repletum,
600 2791 635 2831 an
656 2775 685 2832 in
701 2791 807 2832 suunmo
825 2780 931 2831 tautum
951 2771 1035 2847 gluti·
1102 2845 1107 2854 Ι

48 2867 144 2918 natum
161 2860 206 2918 sit.
238 2859 310 2918 Nam
325 2859 348 2916 si
365 2857 421 2916 alte
445 2865 505 2932 est,
526 2860 666 2934 prementi
682 2874 737 2915 non
753 2856 842 2916 cedit:
865 2857 888 2913 si
912 2856 940 2913 in
962 2870 1035 2910 sum·

49 2959 116 3018 nno,
144 2942 295 3022 specillum
315 2943 447 3020 protinus
469 2942 582 3017 recipit.
616 2940 688 3000 lllnd
710 2939 809 3014 attingi
825 2954 883 2996 non
907 2933 1034 3014 oportet,

15 3045 89 3090 mne
113 3027 174 3086 sine
200 3027 321 3086 effectus
342 3043 394 3102 spe
421 3024 554 3083 distentio
577 3025 684 3084 oriatur
708 3038 875 3096 nervorum,
899 3028 928 3078 et
951 3035 988 3077 ex
1002 3033 1037 3078 ea
1075 3021 1080 3029 “

52 3111 153 3170 mortis
170 3109 330 3188 periculum
350 3110 401 3166 sit:
424 3107 480 3168 hoo
502 3106 588 3166 facile
612 3115 734 3166 curatur.
767 3103 839 3163 Nam
862 3121 917 3180 qua
936 3121 1037 3162 cavum

53 3211 120 3254 esse
141 3193 242 3271 debet,
267 3193 314 3252 vel
333 3191 569 3250 medicamentum
592 3190 705 3266 aliquod
722 3189 922 3266 imponendum
938 3196 982 3246 est
1000 3204 1039 3246 ex

53 3276 252 3351 adurentibus,
275 3275 323 3336 vel
340 3274 479 3335 candente
492 3273 570 3334 ierro
586 3272 781 3352 aperiendum,
804 3271 851 3332 vel
868 3273 951 3331 etiam
964 3271 1037 3330 scal·

52 3359 132 3440 pello
157 3361 346 3420 incidendum.
385 3359 533 3434 Quumque
561 3357 588 3417 id
613 3356 804 3435 patefactum,
833 3357 936 3430 etjam
955 3353 1037 3413 ulcus

17 3467 45 3510 as
55 3462 155 3524 purum
170 3453 231 3520 est,
256 3442 437 3520 conjicienda
452 3459 488 3502 eo
504 3443 590 3522 pinna
604 3449 663 3520 est,
684 3441 755 3500 illita
774 3440 982 3500 medicamento
999 3435 1037 3496 ci·
