2392 3906
271 737 277 745 '
327 649 330 655 ·
432 727 477 798 A.
492 721 736 800 CORNELII
748 718 896 796 OELSI

248 893 507 976 ARTIUM
536 893 748 976 ,LIBER
779 882 1086 971 OCTAVUS

624 1065 705 1104 IDEM¹

418 1189 674 1254 MEDICINAE
711 1182 916 1252 TERTIUS.

590 1351 739 1362 α*-

546 1497 785 1580 curcur

484 1615 521 1665 De
540 1617 684 1666 morborum
703 1615 847 1682 generibus.

238 1766 365 1826 Provisis
375 1763 516 1842 omuibus,
530 1783 603 1844 quse
616 1766 762 1844 portinent
773 1765 808 1825 od
823 1764 957 1824 universe
968 1778 1079 1840 genera
1089 1774 1146 1816 nor·

171 1849 287 1925 borum,
305 1849 339 1908 od
354 1848 531 1926 singulorum
543 1850 704 1909 curationes
715 1851 836 1910 veniam.
865 1847 925 1907 Hos
942 1856 1036 1907 autem
1052 1847 1080 1902 in
1094 1841 1146 1901 duas

172 1935 288 2012 species
304 1931 407 1993 Graeci
427 1931 598 2001 diviserunt;
621 1933 752 2011 aliosque
767 1953 805 1993 ex
821 1932 864 1990 his
882 1940 999 2006 ocutos,
1015 1929 1089 1989 ulios
1101 1925 1160 1983 lon-i

171 2035 228 2093 gos
257 2034 323 2076 esse
350 2015 496 2076 dixerunt:
525 2016 667 2094 ideoque,
693 2021 824 2096 quoniam
844 2034 902 2075 non
925 2031 1041 2092 semper
1063 2009 1147 2071 ecdem

171 2099 258 2160 modo
275 2098 506 2178 respondebant,
529 2099 646 2160 eosdem
667 2101 714 2162 ulii
730 2103 803 2161 inter
816 2109 933 2176 acutos,
949 2098 998 2159 ulii
1013 2098 1087 2156 ioter
1101 2093 1147 2152 lon·

171 2201 227 2262 gos
240 2183 407 2244 retulerunt.
437 2181 483 2242 Ex
498 2201 555 2262 quo
570 2184 651 2263 pluro
668 2203 765 2246 eorum
783 2201 892 2262 genera
906 2201 972 2242 esse
986 2180 1148 2240 muniiestun

172 2277 225 2328 est.
256 2255 375 2343 Quidc‘m
394 2268 470 2327 enirn
491 2267 598 2328 breves
614 2271 744 2348 acutique
760 2276 841 2341 sunt,
863 2269 911 2345 qui
927 2266 984 2326 cito
1000 2264 1048 2324 vel
1063 2259 1148 2323 tollunt
1180 2321 1181 2328 χ

170 2352 331 2430 hominem,
351 2349 476 2429 velipsi
492 2354 548 2411 cito
569 2353 714 2412 liniuntur:
735 2350 847 2429 quidam
867 2350 962 2426 longi,
987 2347 1039 2407 sub
1062 2343 1167 2424 quibust

171 2453 265 2516 neque
282 2438 389 2496 sanitas
411 2436 439 2493 in
458 2437 638 2514 propinquo,
661 2453 754 2512 neque
777 2432 893 2494 exitium
914 2442 972 2492 ost:
994 2433 1147 2504 tertiumque

163 2535 263 2592 ¹genus
280 2534 378 2578 eorum
397 2526 457 2593 est,
481 2519 528 2595 qui
546 2518 631 2576 modo
649 2520 740 2593 acuti,
762 2515 848 2576 modo
871 2516 952 2594 longi
973 2525 1052 2584 sunt;
1079 2513 1148 2588 idque
1180 2547 1181 2598 p

172 2616 228 2657 non
243 2600 270 2657 in
284 2599 413 2658 febribus
428 2599 637 2676 tautummodo,
656 2601 684 2659 in
708 2599 811 2678 quibus
825 2599 1085 2679 frefflrentissimum
1106 2599 1148 2662 est,
1180 2613 1181 2622 ¹

172 2681 224 2740 sed
246 2683 274 2740 in
297 2683 359 2742 aliis
379 2698 493 2758 quoque
515 2683 555 2740 fit.
585 2682 681 2759 Atque
703 2683 788 2743 etiarn
810 2693 924 2761 praeter
938 2682 1011 2758 hos,
1034 2688 1148 2762 quartum

172 2773 227 2841 est,
244 2765 321 2842 quod
336 2781 429 2841 neque
444 2773 555 2823 acutum
570 2764 625 2823 dici
643 2774 755 2844 potest,
774 2768 910 2844 quianon
926 2767 1053 2845 perimit;
1069 2769 1168 2838 nequet

171 2848 268 2926 utique
283 2847 409 2925 longum,
427 2849 502 2926 quia,
521 2848 545 2906 si
560 2850 731 2927 occurritur,
746 2849 832 2910 facile
850 2859 973 2910 sonatur.
991 2848 1068 2929 Ego,
1080 2857 1149 2924 quum

111 2932 113 2944 '
172 2931 208 2992 de
227 2931 347 3008 singulis
365 2930 473 3006 dicam,
497 2931 577 3008 cujus
593 2934 714 3012 quisque
728 2935 845 3012 generis
859 2935 896 2993 sit
915 2933 1058 3012 indicabo.
1085 2925 1148 2990 Divi·

172 3014 235 3074 dum
250 3025 342 3075 outern
358 3031 458 3074 omnes
473 3015 501 3073 in
516 3032 585 3091 eos,
608 3017 656 3093 qui
675 3018 704 3076 in
724 3018 792 3076 totis
815 3017 986 3096 corporibus
1003 3019 1147 3078 consistere

171 3097 318 3175 videntur,
335 3108 364 3158 et
378 3115 447 3174 eos,
468 3100 516 3176 qui
538 3100 665 3160 oriuntur
686 3103 715 3160 in
735 3101 872 3180 partibus.
900 3101 1037 3178 incipiam
1055 3095 1147 3178 aprio·

171 3180 264 3258 ribus,
287 3199 378 3260 pauco
395 3182 431 3241 de
446 3181 576 3248 omnibus
591 3184 746 3261 praetatus.
776 3183 808 3244 In
829 3184 907 3248 nullo
923 3185 1037 3262 quidem
1057 3175 1144 3244 morht
1152 3183 1168 3226 ²⁰

135 3333 136 3339 χ
171 3265 262 3324 rninus
277 3266 389 3325 fortuna
405 3267 458 3325 sibi
475 3267 635 3340 vindicare,
654 3285 738 3344 quern
754 3286 801 3326 ors
818 3277 927 3346 potest;
949 3279 1050 3346 utpote
1066 3276 1146 3346 quun

172 3359 350 3426 repugnante
364 3357 474 3425 natura,
489 3349 556 3410 nihil
568 3350 707 3410 medicina
722 3352 853 3428 proficiat
865 3352 920 3430 (ci.
930 3351 995 3428 v11,
1009 3345 1145 3429 proocnt)¹

172 3430 265 3508 Magis
280 3441 373 3492 tomen
383 3433 588 3510 ignoscendum
596 3435 708 3494 medico
721 3443 765 3494 est
777 3452 875 3514 purum
885 3437 1045 3515 proficienti
1054 3439 1080 3494 in
1093 3447 1145 3492 acu·
