2372 3892
135 165 196 234 302
421 175 454 224 s.
471 173 501 223 c.
519 171 618 222 censu
634 117 827 220 unnumnau

135 334 235 395 teriam
250 338 281 389 ει
296 345 415 390 nervum
433 329 616 405 tunicamque
640 343 741 386 eornm
760 343 778 384 a
799 322 955 402 superiore
970 322 1073 384 tunica
1093 321 1130 382 di

135 415 250 475 ducunt.
280 413 365 490 Quod
388 413 412 472 si
433 411 548 489 aliquae
567 409 779 472 membranulae
795 407 969 486 probibent,
989 405 1132 484 scalpello

135 499 333 573 resolvuntur,
358 496 453 557 donec
468 505 534 556 ante
551 495 654 554 oculos
670 503 730 554 tcta
740 495 800 570 jam
816 493 911 552 tunica
927 492 976 550 sit.
1006 489 1132 566 Εεείεἰε,

136 601 210 661 quae
225 580 385 642 excidenda
401 589 481 654 sunt,
496 580 686 657 repositoque
704 576 855 648 testiculo,
879 574 916 634 ab
938 591 996 634 ora
1018 590 1133 651 quoquc

137 667 199 741 ejus
215 665 359 740 vulneris,
378 663 454 742 quod
471 663 630 740 ininguine
646 670 706 737 εει,
728 659 867 722 demenda
883 657 1035 718 habenula
1053 657 1150 734 paulos

136 751 222 811 latior
238 758 300 825 εει,
322 767 379 827 quo
393 749 485 822 major
500 747 587 827 plaga
602 747 649 822 sit,
665 754 695 806 ει
711 745 777 824 plus
790 761 891 804 creare
914 741 1014 802 carnis
1032 742 1132 820 possit.

472 915 656 976 oaPUu
691 914 800 974 XXI.

339 1033 375 1081 De
394 1033 487 1081 omenti
502 1033 527 1080 iu
545 1040 654 1080 scrotum
671 1031 783 1096 prolapsi
800 1031 938 1078 curatione.

204 1173 229 1230 l.
251 1171 290 1229 Αι
304 1172 328 1228 si
344 1177 488 1228 omentum
507 1167 672 1243 descendit,
697 1166 799 1226 codem
815 1166 930 1244 quidem
947 1166 1063 1242 modo,
1086 1183 1135 1244 qno

137 1256 376 1332 suprascriptum
393 1261 437 1312 est
452 1255 534 1330 (cap.
554 1253 602 1326 19,
620 1251 687 1330 20),
704 1251 891 1330 aperiendum
908 1252 1041 1328 inguen,
1064 1250 1156 1314 didus

138 1337 304 1414 caudaeque
321 1337 434 1396 tunicae
449 1345 527 1395 suut:
552 1334 789 1396 considerandum
806 1344 900 1395 autem
917 1344 980 1410 est,
1008 1336 1135 1410 majorne

137 1427 161 1484 is
176 1423 292 1500 modus,
308 1438 343 1481 an
359 1422 482 1496 exignus
497 1422 542 1481 sit.
574 1419 645 1480 Nauu
661 1418 737 1497 quod
751 1419 899 1497 parvulum
913 1429 973 1495 est,
992 1437 1088 1496 snper
1100 1419 1134 1476 in·

138 1527 215 1586 guen
239 1512 267 1568 in
288 1515 399 1566 uterum
425 1504 470 1563 vel
487 1503 577 1581 digito
595 1505 643 1564 vel
663 1521 768 1564 averso
785 1503 911 1580 specillo
930 1503 1134 1582 repellendum

138 1602 198 1654 est:
231 1593 254 1651 si
269 1591 334 1670 plus
350 1597 410 1663 εει,
426 1590 522 1647 sinere
539 1597 657 1666 oportet
667 1587 838 1666 ¹dependere
850 1596 988 1665 quantum
1005 1605 1045 1646 ex
1057 1597 1134 1646 utero

138 1677 304 1756 prolapsum
321 1682 379 1740 cst;
403 1671 489 1749 idque
504 1670 689 1732 adurentibus
705 1671 921 1730 medicamentis
937 1671 1071 1746 illinere,
1089 1671 1153 1730 dou

137 1777 192 1818 nec
207 1760 362 1817 emoriatur
378 1766 407 1816 et
430 1756 554 1816 excidat.
584 1755 703 1832 Quidam
722 1755 768 1815 liic
789 1773 904 1834 quoque
925 1755 986 1814 duc
1005 1755 1068 1816 lina
1087 1773 1133 1814 acu

138 1843 297 1916 trajiciunt,
317 1841 449 1918 binisque
466 1841 644 1918 singulorum
663 1839 805 1918 capitibus
821 1839 953 1898 diversas
970 1849 1077 1918 partes
1090 1837 1131 1898 al·

139 1928 293 2002 stringunt;
318 1925 370 1984 snb
393 1942 450 2001 quo
473 1942 583 2003 aeque,
605 1924 658 1984 sed
675 1923 783 1984 tardius
809 1925 957 1983 emoritur.
991 1922 1131 1998 Adjicitur

138 2019 231 2068 tamen
249 2009 295 2068 hic
312 2025 426 2086 quoque
444 2008 600 2082 celeritati,
625 2011 648 2068 si
664 2017 807 2068 omentum
825 2026 913 2086 super
931 2008 1084 2068 vinculum
1104 2006 1129 2066 il·

138 2094 234 2152 linitur
248 2093 471 2168 medicamentis,
490 2110 564 2170 quae
579 2093 621 2152 sic
638 2093 780 2166 exedunt,
804 2109 841 2151 ne
862 2091 1005 2152 erodant:
1028 2081 1153 2170 oqueris

140 2171 242 2237 Gracci
261 2185 375 2236 vocant.
396 2175 523 2236 Fuerunt
534 2177 618 2236 etiam
638 2179 686 2254 qul
703 2185 846 2236 omentum
860 2176 966 2236 lorllce
983 2175 1132 2252 praecide·

138 2271 201 2320 rent
214 2283 220 2321 :
235 2261 310 2340 qucd
328 2263 354 2318 in
369 2259 490 2338 parvulo
503 2277 559 2319 uon
576 2271 620 2319 est
632 2262 841 2328 necessarium;
858 2261 881 2318 si
897 2260 992 2334 majus
1003 2269 1061 2335 εει,
1075 2267 1131 2338 ρει·

138 2354 182 2404 εει
198 2346 394 2422 profusionem
410 2345 558 2419 sanguinis
573 2345 686 2412 iacere;
704 2343 844 2422 siquidem
857 2353 1005 2404 omentum
1021 2359 1132 2422 quoquc

138 2431 218 2486 venis
234 2428 416 2506 quibusdam,
433 2430 517 2486 etiam
529 2427 684 2504 majoribus
696 2427 833 2504 illigatum
849 2438 904 2488 εει.
933 2428 1043 2506 Neque
1055 2443 1132 2501 vero,

139 2513 162 2568 si
175 2511 297 2570 discisso
313 2521 414 2570 ventre
428 2510 456 2568 id
475 2513 641 2590 prolapsum
657 2512 760 2572 lorlice
775 2512 972 2590 praeciditur,
994 2531 1087 2589 quum
1107 2519 1153 2570 ειε

139 2602 296 2652 emortuum
311 2596 364 2671 sit,
387 2595 522 2654 et'aliter
548 2597 634 2656 tutius
666 2596 752 2655 avelli
774 2615 833 2655 ncn
856 2597 961 2674 possit,
984 2596 1057 2656 inde
1081 2595 1131 2654 buc

140 2676 301 2754 exemplum
328 2676 557 2738 transferendum
582 2689 636 2739 εει.
667 2681 778 2740 Vulnus
798 2690 891 2740 autem
915 2680 1023 2756 curari,
1048 2681 1072 2738 si
1092 2697 1130 2738 re

139 2762 236 2822 lictum
258 2768 400 2819 omentum
418 2769 480 2835 εει,
498 2773 593 2824 sutura
614 2763 716 2824 debet:
737 2766 760 2824 si
775 2764 804 2823 id
820 2765 1016 2842 ampliusiuit,
1042 2773 1072 2822 ει
1088 2781 1129 2822 en·

138 2856 180 2905 tra
197 2853 355 2905 einortuum
369 2852 423 2920 εει,
442 2847 549 2906 excisis
566 2849 635 2923 oris,
653 2850 725 2906 sicut
740 2866 828 2926 supra
844 2851 1028 2928 propositum
1045 2857 1098 2907 est.

198 2932 226 2990 2.
249 2932 280 2990 Si
300 2947 371 2990 vero
394 2929 493 2990 humor
515 2933 589 2990 intus
605 2940 673 3007 εει,
704 2932 884 2992 incidendum
905 2940 965 3008 εει,
989 2933 1019 2990 in
1037 2932 1150 3010 pnerisn

140 3016 268 3090 quidem,
294 3017 417 3091 inguen3
443 3015 497 3072 nisi
520 3015 548 3073 in
570 3014 614 3074 his
637 3033 751 3094 quoque
773 3017 800 3075 id
815 3017 937 3095 liquoris
952 3017 1019 3090 ejus
1043 3016 1127 3090 major

119 3145 120 3149 ,
139 3097 239 3155 modus
255 3099 407 3174 prohibet:
430 3100 458 3156 in
475 3099 545 3160 viris
560 3116 648 3174 veru,
665 3109 694 3158 et
710 3100 881 3178 ubicumque
903 3099 1011 3160 multus
1033 3099 1127 3160 humor

139 3178 253 3252 subest,
273 3191 407 3241 scrotum.
437 3182 564 3258 Deinde,
582 3184 605 3240 si
617 3184 724 3259 inguen
739 3185 858 3243 incisum
874 3193 936 3261 est,
963 3201 1001 3243 eo
1024 3193 1124 3262 probra

141 3262 192 3320 ctis
216 3262 335 3335 tunicis,
366 3265 467 3324 humor
491 3265 596 3326 effundi
623 3266 725 3326 debet:
748 3271 772 3326 sl
795 3277 938 3343 scrotum,
956 3277 987 3326 et
1008 3268 1063 3327 sub
1077 3267 1125 3326 boc

140 3344 269 3420 protinus
284 3345 380 3402 vitium
396 3356 460 3418 εει,
483 3349 550 3406 nibil
568 3348 643 3408 allud
656 3367 739 3426 quarn
751 3351 853 3410 humor
866 3351 1069 3428 effundendus,
1082 3350 1148 3410 aba

141 3423 372 3500 scindendaeque
392 3426 574 3488 membranae
597 3441 676 3506 sunt,
699 3435 722 3490 sl
738 3451 813 3510 quae
828 3453 899 3494 eum
914 3437 1124 3498 continuarum
