2384 3896
334 199 405 248 cm.
421 199 467 247 ιι.
491 197 566 248 ons.
582 197 706 250 xxvrn.
722 201 818 250 xxix.
1016 189 1075 250 155

80 357 119 417 ad
141 358 251 433 ignem:
280 353 413 415 balneum
434 371 528 416 rarum
550 369 618 414 esse
640 353 743 430 debet,
766 372 861 434 neque
882 356 970 434 longo
989 359 1019 415 in
1039 375 1076 416 eo

79 457 180 500 mora:
215 437 296 500 cibus
320 441 528 519 comprimens:
555 439 651 498 vinrrm
671 448 814 498 austerum
834 457 993 516 meracum,
1024 459 1077 520 per

80 532 223 585 aestatem
236 523 388 601 frigidum,
404 541 458 604 per
470 522 591 582 hiemem
603 523 761 599 egelidom;
786 524 837 584 sed
849 533 972 601 tantum,
989 543 1075 604 quan-

79 618 143 667 tum
168 608 309 668 minimum
336 609 381 668 sit.
427 605 519 667 hlvus
543 623 658 686 quoque
683 607 730 666 vel
757 607 902 684 docenda,
930 609 975 669 vel
1000 609 1077 670 lacte

48 716 65 752 ε
80 691 232 772 purganda
256 701 309 752 est.
347 693 376 752 Sl
399 707 498 752 crassa
513 693 591 750 urina
609 699 669 770 est,
691 691 889 751 vehementior
906 710 973 752 esse
990 692 1078 753 debet

79 786 113 836 et
141 778 323 853 exercitatio,
354 785 382 836 et
408 775 520 836 irictlo:
552 775 668 852 longior
694 777 720 834 ln
747 775 853 836 balneo
874 793 970 836 mora:
1005 776 1077 836 cibis

78 877 160 940 opus
182 869 226 921 est
248 862 372 921 teneris:
397 863 465 920 vino
488 859 601 920 eodem.
645 858 676 920 ln
697 867 819 937 utroque
840 859 1076 930 morbo‚vitanda

77 947 178 1006 omnia
193 953 270 1023 sont,
287 961 360 1026 quae
375 947 483 1006 urinam
498 959 619 1004 movere
634 952 817 1004 consuerunt.

312 1162 493 1226 cason
528 1161 849 1242 xxvr111xxr1.

33 1291 64 1330 ιο
255 1281 291 1331 De
306 1280 415 1332 Seminis
433 1282 510 1331 mmis
526 1295 559 1332 cx
574 1281 730 1332 naturalibus
745 1279 902 1347 profusione.

147 1417 200 1478 Est
219 1419 302 1479 etiarn
318 1421 395 1480 circa
410 1419 548 1480 naturalia
562 1418 675 1494 vitium,
696 1419 781 1477 nimia
798 1417 930 1496 prolusio
950 1417 1077 1490 seminis,

77 1502 162 1582 quod
186 1503 248 1562 sinc
270 1521 396 1582 venere,
420 1505 482 1564 sine
503 1503 651 1562 nocturnis
666 1501 837 1580 imaginibus
852 1503 894 1560 sic
909 1501 1014 1576 lertor,
1038 1509 1078 1575 ut,

77 1588 257 1664 interposito
279 1589 388 1666 spatio,
414 1586 480 1648 tabe
502 1586 644 1647 homiuem
660 1594 816 1646 consumat.
852 1584 884 1644 ln
899 1583 955 1646 hoc
974 1585 1078 1644 allecto

79 1671 229 1732 salutares
241 1681 305 1730 suot
316 1669 504 1735 vehementes
514 1669 676 1747 frictiones,
693 1668 889 1748 perfusiones,
904 1669 1078 1729 natationes·

33 1781 65 1820 15
80 1767 143 1834 que
164 1771 247 1834 quam
262 1755 479 1832 frigidissimae:
502 1771 597 1832 neque
613 1754 687 1829 cibi,
708 1771 764 1814 nec
779 1754 878 1834 potio,
902 1753 956 1812 nisi
973 1751 1078 1828 frigida

76 1849 218 1900 assumta.
249 1841 350 1902 Vitare
366 1848 460 1900 autem
480 1846 596 1917 oportet
612 1838 768 1900 cruditates
783 1847 812 1898 et
829 1837 923 1897 omnia
938 1836 1078 1896 inllantia:

76 1923 153 1983 nihil
166 1942 203 1982 ex
213 1923 247 1982 iis
255 1941 420 2001 assumere,
439 1941 512 2002 quae
525 1923 696 1984 contrahere
709 1939 807 1982 semen
818 1921 966 1990 videntum
985 1919 1079 1999 qualia

78 2015 150 2068 sont
169 2007 271 2084 siligo,
295 2007 400 2085 simila,
424 2024 494 2081 ova,
517 2006 607 2081 alica,
628 2005 767 2084 amylum,
792 2006 882 2065 omnis
905 2021 973 2064 carc
995 2003 1078 2080 gluti·

78 2109 175 2166 mosa,
198 2091 297 2170 piper,
313 2109 417 2166 cruca,
434 2089 530 2166 bulbi,
545 2089 641 2149 nuclei
656 2090 741 2168 pinei.
778 2089 881 2168 Neque
896 2086 1017 2147 alienum
1036 2095 1080 2146 est

36 2175 189 2237 solovere
214 2176 368 2235 inferiores
392 2182 491 2252 partes
531 2189 609 2248 aqua
640 2173 760 2233 decocta
782 2189 819 2230 cx
835 2168 973 2228 verbenis
989 2171 1080 2249 repri-

80 2258 242 2319 mentibus:
265 2278 302 2319 ex
322 2258 423 2318 iisdem
444 2257 540 2334 aliqua
558 2256 762 2333 cataplasmata
779 2257 834 2315 imo
852 2254 943 2314 ventri
960 2253 1079 2330 inguini·

80 2343 196 2422 busque
218 2343 410 2411 circumdare:
446 2341 660 2421 praecipueque
682 2357 719 2400 en
742 2350 825 2400 aceto
848 2347 956 2398 rotam:
989 2338 1081 2396 vitare

82 2429 171 2486 etiam
186 2433 222 2486 ne
237 2429 356 2508 supinus
369 2425 538 2488 obdormiat.

325 2632 509 2696 oneou
551 2615 838 2710 xxrxtxxot.

42 2758 70 2796 25
189 2766 194 2786 a
421 2749 468 2799 ·De
488 2751 612 2802 Coxarum
629 2751 732 2800 morbis.

149 2886 288 2963 Superest
310 2893 340 2945 ut
367 2885 403 2948 ad
421 2896 564 2946 extremas
582 2896 679 2965 partes
702 2886 836 2963 corporis
854 2885 983 2955 veniam,
1009 2893 1082 2956 quae

81 2969 214 3029 articulis
229 2970 303 3028 inter
319 2987 352 3028 εε
367 2981 564 3030 conseruntur.
593 2969 705 3029 Initium
720 2987 736 3028 a
749 2970 831 3028 coxis
844 2968 956 3026 faciam.
978 2963 1083 3022 Harum

82 3057 192 3134 ingens
207 3053 291 3113 dolor
306 3071 372 3113 esse
389 3055 554 3114 consuevit:
578 3055 661 3133 isque
675 3051 819 3112 hominem
834 3066 923 3127 saepe
939 3047 1081 3109 debilitat:
1122 3063 1126 3071 ·

84 3148 114 3198 et
131 3136 274 3216 quosdam
284 3153 342 3196 non
357 3137 477 3198 dimittit.
505 3137 607 3215 quue
623 3137 652 3196 id
666 3153 758 3214 genus
773 3134 942 3194 difficillime
958 3139 1082 3204 curator,

45 3245 74 3288 so
85 3221 165 3302 quod
185 3220 248 3280 iera
268 3230 335 3298 post
355 3222 462 3298 longos
479 3221 597 3280 morbos
613 3223 658 3280 ris
674 3217 813 3299 pestilera
830 3219 886 3278 huc
902 3237 935 3278 se
950 3214 1082 3276 inclinat:
1161 3229 1165 3238 ·

83 3315 160 3382 (puae
187 3312 218 3364 ut
244 3303 315 3364 alias
340 3311 439 3384 partes
464 3305 582 3381 liberat,
611 3306 654 3363 sic
681 3303 754 3362 hanc
769 3303 829 3378 J’am
852 3303 944 3380 lpsam
969 3315 1083 3378 quoque

83 3389 220 3448 allectam
234 3387 397 3465 prehendit.
433 3387 600 3449 Fovendum
618 3388 737 3465 primum
754 3405 827 3466 aqua
843 3385 936 3445 calida
953 3391 1011 3442 est:
1034 3381 1082 3439 de·

82 3471 152 3533 inde
166 3470 302 3532 utendum
316 3473 418 3534 calidis
432 3473 654 3552 cataplasmatis.
676 3471 798 3548 llanime
814 3469 957 3550 prodesse
971 3463 1083 3526 videtur
