2392 3906
211 197 894 250 x.c.cons1naorcrnxon1o.ruem>1
988 185 1043 258 121

36 361 75 414 ιιι
101 371 142 414 ex
165 363 247 432 parte
268 356 413 414 exteriore
429 371 549 434 aspera,
574 373 612 416 ex
629 356 781 432 interiore,
803 356 944 418 stomachi
960 358 1046 418 modo

38 432 147 497 laevis
174 438 227 498 sit:
252 457 345 517 eaque
368 438 551 499 descendens
574 439 609 498 ad
631 439 802 517 praecordia
787 458 888 501 acum
911 441 1047 518 pulmone

39 521 247 581 committitur.
290 522 319 582 ls
339 524 530 601 spongiosus,
557 522 682 601 ideoque
703 525 820 602 spiritus
844 542 954 603 capax,
980 533 1047 584 eta

38 615 137 682 tergo
165 606 265 682 spinae
286 607 341 684 ipsi
361 609 495 683 junctus,
524 607 552 666 io
572 607 644 666 duas
666 606 752 666 libras
774 607 898 684 ungulae
922 606 1046 668 huhulae

14 691 139 752 amodo
156 688 298 750 dividitur
334 689 404 750 Huic
421 707 472 749 cor
487 708 628 750 annexum
644 699 703 766 est,
728 701 827 752 natura
841 691 1047 764 musculosum,

40 775 74 832 in
92 780 230 864 pectore
257 772 310 836 sub
338 775 517 834 sinisteriore
543 792 662 835 mamma
688 776 783 841 situm;
812 773 942 853 duosque
964 775 1048 852 quasi

41 845 231 918 ver'rtriculos
248 854 345 916 hahet.
371 857 409 916 Ar
425 857 477 917 suh
494 857 583 918 corde
598 868 684 936 atque
701 859 835 937 pulmone
851 869 1048 919 transversum

44 959 87 1001 ex
107 940 205 1001 valida
219 941 384 1002 membrana
404 953 517 1020 septum
534 951 592 1019 est,
614 942 693 1021 quod
709 961 724 1002 a
742 943 922 1020 praecordiis
938 951 1048 1002 uterum
1071 1014 1075 1028 .

45 1025 93 1104 (id
109 1033 156 1083 est
171 1027 319 1103 escuem)
335 1025 455 1093 diducit;
472 1026 559 1104 idque
571 1043 742 1102 nervosum,
757 1026 853 1086 multis
865 1028 949 1086 etiam
966 1027 1048 1086 venis

0 1140 3 1159 ·
17 1126 33 1166 o
46 1127 107 1188 per
122 1107 151 1166 id
164 1108 403 1184 discurrentibus,
422 1126 438 1168 a
454 1111 606 1187 superiore
619 1119 716 1187 parte,
732 1127 789 1170 noo
802 1110 913 1169 solum
904 1111 1047 1185 rotestioa,

45 1193 135 1252 sed
123 1209 210 1267 Jecur
234 1207 350 1271 quoque
370 1193 532 1270 lienemque
554 1194 700 1254 discernit
745 1193 826 1254 Haec
845 1195 958 1254 viscera
980 1211 1047 1272 pro·

44 1279 144 1352 xime,
162 1269 214 1338 sed
230 1275 303 1336 infra
318 1285 411 1336 tamen
425 1279 535 1354 posita,
552 1278 653 1338 dextra
668 1279 840 1355 sinistraque
856 1286 930 1336 sunt.
960 1277 1048 1336 Jecur

46 1380 64 1420 a
84 1360 192 1419 dextra
212 1369 293 1438 parte
311 1360 362 1419 suh
380 1362 560 1438 praecordiis
575 1361 637 1420 ah'
630 1378 694 1439 ipso
712 1371 798 1438 septo
815 1369 927 1436 orsum,
950 1361 1047 1420 intrin-

48 1461 142 1504 secus
165 1441 280 1518 cavom,
308 1446 488 1504 extrinsecus
510 1445 642 1521 gibbum:
664 1445 741 1523 quod
764 1447 927 1522 prominens
945 1443 1049 1504 leviter

3 1543 36 1584 ra
48 1526 218 1588 ventriculo
233 1527 353 1603 insidet,
368 1537 396 1587 et
410 1530 438 1586 in
453 1537 575 1605 quatuor
587 1529 674 1588 lrhras
688 1529 831 1589 dividitur.
854 1528 899 1588 Ex
911 1528 1048 1588 interiore

46 1628 127 1672 vero
152 1620 234 1689 parte
257 1612 284 1669 ei
304 1611 345 1671 iel
366 1611 506 1671 inhaeret.
552 1612 589 1672 Αι
609 1613 693 1672 lienis
715 1614 847 1688 sinistra,
873 1629 930 1672 non
954 1612 1048 1672 eidem

46 1703 159 1774 septo,
189 1694 241 1754 sed
263 1696 397 1756 intestino
423 1697 544 1756 innexus
568 1705 629 1768 est,
659 1701 758 1756 natura
782 1697 878 1756 mollis
905 1705 934 1756 et
955 1713 1048 1770 rarus,

46 1778 241 1855 longitudinis
257 1779 510 1857 crassitudinisque
525 1781 671 1849 modicae;
696 1781 779 1858 isque
794 1779 908 1859 paulum
925 1798 939 1839 a
954 1787 1048 1838 costa·

45 1881 116 1924 rum
137 1863 259 1939 regione
280 1863 309 1922 in
325 1871 435 1924 uterum
452 1865 617 1940 excedens,
640 1883 677 1924 ex
692 1866 811 1924 maxima
832 1873 913 1942 parte
932 1862 985 1923 sub
1005 1863 1049 1922 his

4 1945 196 2010 reconditur.
236 1946 332 2025 Atque
354 1946 427 2008 haec
452 1948 565 2024 quidem
582 1950 682 2024 juncta
698 1957 772 2008 sunt.
807 1947 903 2008 Renes
919 1964 990 2008 vero
1007 1946 1049 2007 di-

47 2031 148 2098 versi;
172 2030 219 2108 qui
242 2029 344 2090 lumbis
365 2030 417 2089 suh
439 2033 501 2091 imis
523 2035 611 2094 costis
634 2033 799 2108 inhaerent,
823 2040 936 2109 aparte
953 2047 1050 2090 earum

45 2112 186 2190 rotundi,
205 2114 240 2173 ab
257 2114 349 2174 altera
366 2117 479 2183 resimi;
502 2117 593 2193 quiet
610 2117 712 2175 venosi
728 2125 809 2189 sunt,
827 2124 856 2174 et
871 2114 1049 2174 ventriculos

46 2197 179 2273 hahent,
196 2206 225 2257 et
238 2199 341 2258 tunicis
356 2209 647 2276 superconteguntur.
660 2233 701 2244 -
718 2199 761 2258 ιιι
777 2200 919 2258 uiscerum
935 2197 1050 2275 quidem

46 2284 110 2342 hae
136 2282 223 2340 sedes
247 2291 320 2340 sunt.
356 2283 529 2342 Stomachus
551 2300 637 2358 vero,
662 2284 710 2361 qui
731 2284 928 2340 intestinorum
944 2277 1049 2358 prinei·

9 2367 135 2445 capium
156 2375 217 2438 est,
239 2382 381 2426 nervosus
396 2384 412 2426 a
429 2369 549 2444 septima
565 2368 665 2444 spinae
683 2365 819 2425 vertebra
835 2364 949 2440 incipit;
972 2363 1050 2421 circa

50 2449 230 2528 praecordia
251 2467 314 2508 cum
337 2450 497 2510 ventriculo
519 2451 710 2510 committitur.
745 2447 929 2507 Ventriculus
946 2456 1050 2520 autem,
1139 2516 1148 2524 θ

49 2533 103 2612 qui
128 2533 346 2610 receptaculum
371 2534 426 2593 eibi
449 2544 511 2611 est,
540 2542 712 2594 constater
734 2531 845 2592 duobus
868 2530 1049 2607 tergoribus:

48 2620 141 2694 isque
161 2616 234 2675 inter
256 2617 361 2676 lienem
378 2626 407 2690 et
416 2620 502 2692 jecur
518 2619 628 2696 positus
646 2625 706 2692 est,
728 2625 851 2693 utroque
870 2634 907 2674 ex
920 2616 964 2674 his
981 2631 1049 2693 pau·

49 2702 115 2762 lunr
141 2718 229 2778 super
257 2719 321 2760 eunr
347 2702 540 2776 ingrediente.
583 2703 710 2779 Suntque
731 2701 815 2760 etiam
837 2697 1050 2760 membranulae

12 2795 177 2859 solennes,
201 2802 253 2861 per
272 2803 343 2862 quas
365 2787 485 2844 intense
500 2787 552 2844 tria
569 2785 623 2845 ista
638 2792 862 2857 connectuntur,
879 2785 1050 2857 junguntur·

49 2885 114 2946 que
131 2867 159 2926 ei
175 2877 276 2944 septo,
296 2867 373 2946 quod
388 2877 582 2928 transuersum
599 2886 666 2927 esse
683 2885 768 2946 supra
785 2867 879 2944 posui.
911 2863 981 2922 lnde
995 2865 1051 2922 ima

47 2951 210 3011 ventriculi
231 2969 298 3029 pars
322 2951 437 3030 paulum
459 2953 487 3010 in
502 2953 696 3012 dexteriorem
713 2960 823 3028 partem
842 2964 999 3022 conversa,
1023 2947 1051 3004 io

48 3051 196 3096 summum
212 3035 372 3094 intestinum
390 3035 593 3114 (duodenum)
610 3043 765 3094 coartatur.
797 3032 877 3092 Hanc
888 3033 1052 3107 juncturam

49 3107 218 3196 medapo'v
230 3117 333 3179 Graeci
350 3129 470 3193 vocant,
488 3119 621 3197 quoniam
637 3127 738 3196 portae
754 3117 839 3176 modo
857 3118 884 3176 in
898 3114 1051 3174 inferiores

17 3221 41 3262 ι·
51 3210 157 3282 partes
180 3219 231 3277 ea,
259 3221 331 3280 quae
353 3204 497 3261 excreturi
520 3221 635 3278 sumus,
664 3200 772 3260 emittit.
804 3199 850 3260 Ab
872 3218 906 3259 ea
923 3202 1052 3276 jejunum

39 3287 221 3346 intestinum
242 3286 354 3363 incipit,
381 3303 438 3344 noo
460 3287 497 3345 ita
520 3247 702 3362 implieihum:
733 3287 778 3342 eui
801 3284 859 3344 tale
880 3282 1052 3346 vocabulum

51 3379 118 3444 est,
142 3369 210 3446 quia
225 3387 391 3446 numquam,
414 3369 491 3446 quod
506 3370 626 3446 accipit,
647 3367 788 3437 eontinet;
809 3367 861 3426 sed
878 3369 1007 3444 protinus
1024 3364 1052 3422 in

52 3451 214 3514 inferiores
230 3462 326 3531 partes
342 3454 513 3516 transmittit.
546 3451 616 3515 lude
632 3452 743 3512 tenuius
762 3451 924 3512 intestinum
942 3456 1002 3522 est,
1024 3445 1053 3502 in
