2444 3904
96 301 99 305 .
131 237 185 285 x11
536 225 744 276 spaoraria.

129 389 261 467 plerique
287 386 363 446 inter
386 381 578 460 calligrapbos
597 381 736 450 fortasse,
762 381 881 441 minime
901 398 970 441 vero
990 381 1067 440 inter
1089 395 1157 443 erar

130 473 205 531 ditos
225 470 374 530 numerari
396 473 528 546 possunt.
571 466 706 526 Etenim
728 463 841 524 nullum
863 467 953 524 exiis
976 461 1157 524 emolumen-

128 561 190 615 turn
208 555 243 613 ad
260 553 398 614 orationis
413 556 579 611 contextum
595 548 826 608 constituendum
842 555 942 626 petere
960 547 1044 614 licet,
1064 563 1156 623 quum

129 637 198 698 solis
213 636 362 696 literarum
378 633 512 695 ductibus
527 639 555 692 et
570 634 740 710 paginarum
755 631 991 708 proportionibus
1009 630 1158 706 eleganter

130 720 338 797 componendis
353 735 471 795 operam
487 715 629 776 dederint.
664 715 837 793 Ceteroquin
852 715 966 776 mendis
980 718 1091 774 scatent
1108 713 1156 770 iis-
1219 759 1220 778 ,

130 822 186 881 que
206 804 293 879 longe
311 799 523 879 praeferendae
544 805 611 859 sunt
630 799 771 859 editiones
790 800 924 877 antiquae
947 798 1090 878 (inprimis
1109 794 1155 855 ed.

128 889 266 964 princeps
282 885 448 944 Florentino
466 885 534 942 anni
551 883 631 942 1478
647 889 676 941 et
690 883 791 941 Aldina
808 901 833 942 a.
854 880 953 960 1528),
973 879 1157 959 quantumvis
1219 897 1220 920 r

128 971 243 1047 impuri·
257 967 365 1026 inerint
384 967 478 1026 fontes
493 984 510 1025 e
525 966 630 1044 quibus
651 965 853 1042 prolluxerunt
871 967 932 1025 lere
950 981 1066 1024 omnes:
1088 979 1157 1022 nam

129 1054 202 1112 duos
216 1049 331 1109 codices
349 1051 445 1124 magni
461 1050 621 1117 iaciendos,
636 1050 804 1109 Vaticanum
819 1049 885 1108 dico
901 1056 929 1109 et
945 1048 1155 1114 Florentinum,

127 1151 213 1193 nemo
230 1134 260 1191 in
273 1149 359 1192 usum
376 1150 461 1192 snum
476 1132 725 1192 convertit.editor
740 1133 884 1209 antiquus.
915 1133 1071 1192 Praeterea
1085 1128 1157 1188 mibi

127 1223 243 1295 praesto
265 1215 335 1284 luit,
362 1216 475 1276 lavente
497 1218 613 1292 egregia
632 1215 789 1276 doctissimi
804 1216 960 1285 Gersdorl,
978 1217 1029 1292 qui
1048 1211 1157 1274 biblio·
1183 1259 1187 1267 .

127 1300 229 1359 thecae
244 1299 381 1359 Paulinae
399 1300 476 1376 apud
492 1301 656 1377 Lipsienses
674 1306 804 1378 praeest,
826 1299 1033 1366 benivolentia,
1053 1299 1157 1373 ingens

128 1383 222 1442 omnis
238 1377 354 1458 generis
376 1383 582 1443 schedularum
600 1385 715 1459 farrago
737 1383 975 1460 diversarumque
997 1381 1156 1441 editionum

77 1462 80 1468 ’
128 1465 202 1526 Celsi
224 1465 399 1542 exemplaria
421 1467 655 1526 adnotationibus
674 1466 772 1542 plena,
798 1483 873 1543 quae
893 1467 988 1526 omnia
1011 1464 1156 1524 debentur

129 1550 250 1610 eximiae
273 1549 387 1608 doctiss,
407 1550 514 1609 llrihnii
535 1551 713 1626 diligentiae,
738 1551 787 1627 qui
802 1567 906 1609 noram
920 1550 1077 1609 editionem
1092 1546 1155 1608 Cel·
1171 1591 1174 1598 Α

128 1633 201 1692 sianl
216 1635 313 1710 operis
327 1632 511 1692 moliebatur.
544 1634 653 1693 Verum
668 1633 745 1692 enim
766 1651 836 1693 vero
858 1650 963 1710 parum
983 1633 1066 1692 abest
1086 1633 1157 1709 quin

57 1789 59 1794 ,
127 1715 207 1774 hisce
229 1714 412 1774 collectaneis
433 1716 630 1776 examinandis
651 1714 748 1775 oleum
772 1723 801 1776 et
822 1734 942 1792 operam
966 1715 1154 1793 perdiderim.

210 1798 290 1858 Libri
301 1799 495 1874 llippocratei‚
508 1799 612 1876 quibus
622 1797 712 1858 multa
723 1799 823 1859 debuit
834 1800 943 1869 Celsus,
959 1799 1030 1858 milri
1042 1799 1157 1874 saepius

128 1897 213 1956 opem
233 1880 363 1941 tulerunt
378 1881 414 1940 ad
432 1882 628 1942 emendandos
649 1882 729 1948 locos
749 1901 764 1942 a
786 1882 911 1942 librariis
934 1883 1009 1942 male
1030 1883 1154 1942 habitos.

128 1962 212 2031 Quod
240 1970 271 2023 ut
299 1981 453 2040 agnoscas,
482 1966 605 2042 inspice,
635 1966 734 2034 sodes,
762 1967 983 2026 Adnotuttenem
1010 1970 1155 2028 criticam.

126 2045 247 2106 Plurimi
274 2048 399 2108 editores
421 2047 503 2108 Celso
531 2048 710 2128 subjungunt
735 2041 860 2109 indicem
890 2049 1023 2110 locorum
1045 2051 1155 2129 llippo-

128 2136 293 2190 crateorum
320 2147 336 2188 a
363 2139 464 2192 nostro
486 2132 700 2210 adlegatorum;
732 2151 789 2194 nec
808 2133 891 2194 aliter
912 2135 984 2194 mibi
1009 2135 1155 2211 agendum

127 2229 190 2274 esse
212 2213 289 2274 duxi.
325 2213 568 2296 Unumquemque
588 2217 684 2277 locum
706 2218 803 2278 denuo
822 2237 889 2304 cum
910 2217 1087 2296 llippocrate
1108 2235 1154 2278 se-

127 2295 195 2356 dulo
223 2300 387 2376 comparari
412 2301 506 2378 qualis
533 2320 549 2360 a
574 2301 679 2370 Littre,
709 2303 772 2362 viro
794 2319 922 2371 summo,
952 2302 1046 2362 editus
1069 2300 1151 2380 est*l.

126 2378 206 2448 Quos
229 2381 309 2446 locos
328 2382 388 2461 jam
409 2386 594 2462 suppeditant
615 2386 755 2446 editiones
775 2386 903 2460 priores,
932 2385 967 2443 iis
989 2383 1154 2462 complures

125 2479 204 2526 nunc
219 2465 337 2523 demum
359 2468 455 2526 addidi
476 2469 522 2545 (cl.
540 2469 673 2528 Iudicem
691 2472 818 2528 locorum
834 2470 1024 2545 Hippocratis
1035 2477 1065 2528 et
1078 2469 1156 2528 Celsi

125 2547 202 2603 inter
221 2561 253 2602 se
273 2549 530 2625 comparatorum).

210 2627 275 2686 Non
296 2627 370 2702 fugit
390 2646 437 2688 me
459 2631 625 2690 universum
647 2632 676 2690 in
692 2631 807 2692 Celsum
824 2634 999 2696 exantlatum
1019 2632 1152 2694 laborem

126 2726 161 2769 eo
176 2712 377 2770 tantummodo
395 2730 443 2771 me
460 2713 690 2788 perduxissent,
710 2717 783 2778 duce
800 2717 909 2796 Targa,
928 2719 1016 2778 immo
1030 2718 1152 2778 meliore

123 2793 189 2871 jure
216 2811 302 2872 quam
324 2793 387 2864 ille,
416 2795 500 2856 lateri
526 2814 628 2875 cogar:
660 2846 678 2870 „
687 2802 750 2873 Quo
772 2804 864 2879 magis
885 2802 1032 2864 Celsianae
1053 2820 1151 2862 emen-

745 2981 753 3003 b

125 3011 268 3076 splendore
299 3013 395 3066 eadem
421 3019 582 3069 auctoritas.
622 3021 680 3070 Neo
701 3022 853 3072 mirandum
879 3024 965 3087 igitur
987 3022 1058 3087 quod
1082 3022 1153 3072 adeo

124 3081 207 3143 pauci
225 3082 396 3146 reperiuntur
413 3085 523 3134 codices
542 3087 648 3150 antiqui
666 3087 740 3136 Celsi
757 3105 823 3154 opus
842 3091 1024 3138 continentes.

191 3143 216 3209 *l
236 3145 351 3199 Secutus
369 3165 426 3200 sum
438 3151 569 3202 librorum
580 3155 828 3218 Hippocrateorum
845 3157 874 3204 in
891 3157 1079 3220 paragraphus
1098 3155 1152 3205 dis-

124 3211 303 3264 tributionem
326 3232 343 3266 a
365 3218 523 3268 doctissimo
544 3219 634 3269 Littrd
656 3224 830 3286 propositam.
867 3223 928 3282 Qua
945 3222 1017 3272 solet
1036 3223 1151 3273 benivo-

123 3278 210 3328 lentia
228 3297 333 3332 mecum
351 3287 563 3335 communicavit
579 3288 623 3336 vir
640 3289 712 3336 omni
729 3289 852 3338 doctrino
869 3289 1060 3338 ornatissimus
1070 3289 1151 3338 sche-

123 3346 174 3397 das
192 3363 304 3412 quarum
322 3352 357 3400 ed
375 3353 513 3417 exemplar
531 3353 626 3403 edetur
642 3355 681 3403 lx
693 3355 812 3418 Operum
824 3355 1001 3419 Hippocratis
1011 3354 1149 3418 volumen,

124 3415 194 3476 quod
211 3417 308 3480 paucis
326 3421 463 3469 mensibus
481 3421 510 3468 in
527 3417 616 3469 lucem
629 3421 761 3484 prodibit3
787 3421 859 3470 unde
876 3423 943 3471 milri
954 3421 1034 3472 licuit
1045 3422 1106 3472 Lib.
1120 3421 1151 3472 Π

123 3479 342 3535 Proarbeticoram
359 3488 438 3550 quasi
456 3501 489 3537 ex
505 3487 567 3550 ipsa
584 3487 637 3537 bac
655 3487 776 3539 editione
794 3489 891 3540 citare.
