<?xml version="1.0" encoding="UTF-8"?>
<!DOCTYPE html PUBLIC "-//W3C//DTD XHTML 1.0 Transitional//EN"
    "http://www.w3.org/TR/xhtml1/DTD/xhtml1-transitional.dtd">
<html xmlns="http://www.w3.org/1999/xhtml" xml:lang="en" lang="en">
 <head>
  <title>
</title>
<meta http-equiv="Content-Type" content="text/html;charset=utf-8" />
  <meta name='ocr-system' content='tesseract 3.04.00' />
  <meta name='ocr-capabilities' content='ocr_page ocr_carea ocr_par ocr_line ocrx_word'/>
</head>
<body>
  <div class='ocr_page' id='page_1' title='image "./demedicinalibri00daregoog_0072.png"; bbox 0 0 2444 3904; ppageno 0'>
   <div class='ocr_carea' id='block_1_1' title="bbox 150 192 839 252">
    <p class='ocr_par' dir='ltr' id='par_1_1' title="bbox 150 192 839 252">
     <span class='ocr_line' id='line_1_1' title="bbox 150 192 839 252; baseline -0.012 -2"><span class='ocrx_word' id='word_1_1' title='bbox 150 192 189 252; x_wconf 81' lang='lat'><strong>20</strong></span> <span class='ocrx_word' id='word_1_2' title='bbox 448 195 839 247; x_wconf 71' lang='lat' dir='ltr'><strong>A.c.cu1.s1rsnn101nn1u</strong></span> 
     </span>
    </p>
   </div>
   <div class='ocr_carea' id='block_1_2' title="bbox 149 345 1217 684">
    <p class='ocr_par' dir='ltr' id='par_1_2' title="bbox 149 345 1217 684">
     <span class='ocr_line' id='line_1_2' title="bbox 149 345 1143 454; baseline -0.008 -41"><span class='ocrx_word' id='word_1_3' title='bbox 149 357 246 432; x_wconf 89' lang='lat' dir='ltr'><strong>gines,</strong></span> <span class='ocrx_word' id='word_1_4' title='bbox 269 357 370 433; x_wconf 89' lang='lat' dir='ltr'><strong>capitis</strong></span> <span class='ocrx_word' id='word_1_5' title='bbox 388 353 522 454; x_wconf 83' lang='lat' dir='ltr'><strong>dolores,</strong></span> <span class='ocrx_word' id='word_1_6' title='bbox 545 354 657 430; x_wconf 88' lang='lat' dir='ltr'><strong>aliaque</strong></span> <span class='ocrx_word' id='word_1_7' title='bbox 680 349 838 430; x_wconf 87' lang='lat' dir='ltr'><strong>superioris</strong></span> <span class='ocrx_word' id='word_1_8' title='bbox 851 351 941 428; x_wconf 89' lang='lat' dir='ltr'><strong>partis</strong></span> <span class='ocrx_word' id='word_1_9' title='bbox 957 345 1056 407; x_wconf 90' lang='lat' dir='ltr'><strong>mala</strong></span> <span class='ocrx_word' id='word_1_10' title='bbox 1046 363 1143 406; x_wconf 84' lang='lat' dir='ltr'><strong>ruore-</strong></span> 
     </span>
     <span class='ocr_line' id='line_1_3' title="bbox 150 431 1142 511; baseline -0.01 -13"><span class='ocrx_word' id='word_1_11' title='bbox 150 447 241 498; x_wconf 86' lang='lat' dir='ltr'><strong>scunt.</strong></span> <span class='ocrx_word' id='word_1_12' title='bbox 280 438 353 511; x_wconf 86' lang='lat' dir='ltr'>Quid</span> <span class='ocrx_word' id='word_1_13' title='bbox 374 441 447 497; x_wconf 89' lang='lat' dir='ltr'><strong>euim</strong></span> <span class='ocrx_word' id='word_1_14' title='bbox 468 440 541 497; x_wconf 88' lang='lat' dir='ltr'><strong>iuter</strong></span> <span class='ocrx_word' id='word_1_15' title='bbox 556 437 629 496; x_wconf 89' lang='lat' dir='ltr'><strong>haec</strong></span> <span class='ocrx_word' id='word_1_16' title='bbox 648 434 783 509; x_wconf 85' lang='lat' dir='ltr'><strong>adjuvare</strong></span> <span class='ocrx_word' id='word_1_17' title='bbox 799 442 919 510; x_wconf 82' lang='lat' dir='ltr'><strong>possunt</strong></span> <span class='ocrx_word' id='word_1_18' title='bbox 936 433 1019 511; x_wconf 86' lang='lat' dir='ltr'><strong>quies</strong></span> <span class='ocrx_word' id='word_1_19' title='bbox 1035 440 1066 490; x_wconf 91' lang='grc' dir='ltr'><strong>ιι</strong></span> <span class='ocrx_word' id='word_1_20' title='bbox 1083 431 1142 488; x_wconf 91' lang='lat' dir='ltr'><strong>iue-</strong></span> 
     </span>
     <span class='ocr_line' id='line_1_4' title="bbox 150 516 1217 620; baseline -0.008 -39"><span class='ocrx_word' id='word_1_21' title='bbox 150 523 213 596; x_wconf 90' lang='lat' dir='ltr'><strong>dia,</strong></span> <span class='ocrx_word' id='word_1_22' title='bbox 231 539 283 599; x_wconf 92' lang='lat' dir='ltr'><strong>per</strong></span> <span class='ocrx_word' id='word_1_23' title='bbox 299 539 381 620; x_wconf 79' lang='lat' dir='ltr'><strong>qnae</strong></span> <span class='ocrx_word' id='word_1_24' title='bbox 385 522 434 581; x_wconf 92' lang='lat' dir='ltr'><strong>illa</strong></span> <span class='ocrx_word' id='word_1_25' title='bbox 449 522 568 580; x_wconf 84' lang='lat' dir='ltr'><strong>maxime</strong></span> <span class='ocrx_word' id='word_1_26' title='bbox 585 516 738 578; x_wconf 81' lang='lat' dir='ltr'><strong>eveniunt?</strong></span> <span class='ocrx_word' id='word_1_27' title='bbox 777 516 832 590; x_wconf 85' lang='lat' dir='ltr'><strong>Qui</strong></span> <span class='ocrx_word' id='word_1_28' title='bbox 847 518 975 593; x_wconf 89' lang='lat' dir='ltr'><strong>dejicere</strong></span> <span class='ocrx_word' id='word_1_29' title='bbox 990 516 1068 590; x_wconf 90' lang='lat' dir='ltr'><strong>vult,</strong></span> <span class='ocrx_word' id='word_1_30' title='bbox 1085 516 1140 593; x_wconf 85' lang='lat' dir='ltr'><strong>pri·</strong></span> <span class='ocrx_word' id='word_1_31' title='bbox 1215 531 1217 558; x_wconf 69' lang='grc' dir='ltr'><strong>ι</strong></span> 
     </span>
     <span class='ocr_line' id='line_1_5' title="bbox 150 599 1141 684; baseline -0.009 -19"><span class='ocrx_word' id='word_1_32' title='bbox 150 625 223 665; x_wconf 92' lang='lat' dir='ltr'><strong>mum</strong></span> <span class='ocrx_word' id='word_1_33' title='bbox 239 605 309 664; x_wconf 84' lang='lat' dir='ltr'><strong>cibis</strong></span> <span class='ocrx_word' id='word_1_34' title='bbox 325 608 455 684; x_wconf 88' lang='lat' dir='ltr'><strong>vinisque</strong></span> <span class='ocrx_word' id='word_1_35' title='bbox 471 614 565 663; x_wconf 87' lang='lat' dir='ltr'><strong>utetur</strong></span> <span class='ocrx_word' id='word_1_36' title='bbox 578 621 627 679; x_wconf 90' lang='lat' dir='ltr'><strong>us</strong></span> <span class='ocrx_word' id='word_1_37' title='bbox 652 620 725 680; x_wconf 90' lang='lat' dir='ltr'><strong>quae</strong></span> <span class='ocrx_word' id='word_1_38' title='bbox 747 601 804 660; x_wconf 92' lang='lat' dir='ltr'><strong>boc</strong></span> <span class='ocrx_word' id='word_1_39' title='bbox 819 610 983 679; x_wconf 76' lang='lat' dir='ltr'><strong>praestant:</strong></span> <span class='ocrx_word' id='word_1_40' title='bbox 1006 599 1093 674; x_wconf 91' lang='lat' dir='ltr'><strong>dein,</strong></span> <span class='ocrx_word' id='word_1_41' title='bbox 1118 600 1141 656; x_wconf 86' lang='lat' dir='ltr'><strong>si</strong></span> 
     </span>
    </p>
   </div>
   <div class='ocr_carea' id='block_1_3' title="bbox 39 649 1217 3529">
    <p class='ocr_par' dir='ltr' id='par_1_3' title="bbox 150 649 1161 1100">
     <span class='ocr_line' id='line_1_6' title="bbox 151 649 1161 779; baseline -0.01 -29"><span class='ocrx_word' id='word_1_42' title='bbox 151 707 249 768; x_wconf 92' lang='lat' dir='ltr'><strong>parum</strong></span> <span class='ocrx_word' id='word_1_43' title='bbox 264 689 313 750; x_wconf 89' lang='lat' dir='ltr'><strong>illa</strong></span> <span class='ocrx_word' id='word_1_44' title='bbox 326 690 495 768; x_wconf 83' lang='lat' dir='ltr'><strong>proficient,</strong></span> <span class='ocrx_word' id='word_1_45' title='bbox 512 687 596 749; x_wconf 85' lang='lat' dir='ltr'><strong>aloen</strong></span> <span class='ocrx_word' id='word_1_46' title='bbox 609 649 709 746; x_wconf 79' lang='lat' dir='ltr'><strong>sumat.</strong></span> <span class='ocrx_word' id='word_1_47' title='bbox 742 684 800 744; x_wconf 90' lang='lat' dir='ltr'><strong>Sed</strong></span> <span class='ocrx_word' id='word_1_48' title='bbox 813 688 999 763; x_wconf 72' lang='lat' dir='ltr'><strong>purgationes</strong></span> <span class='ocrx_word' id='word_1_49' title='bbox 1011 701 1161 779; x_wconf 79' lang='lat' dir='ltr'><strong>quoque,s</strong></span> 
     </span>
     <span class='ocr_line' id='line_1_7' title="bbox 150 767 1140 847; baseline -0.009 -14"><span class='ocrx_word' id='word_1_50' title='bbox 150 784 179 833; x_wconf 92' lang='lat' dir='ltr'><strong>ut</strong></span> <span class='ocrx_word' id='word_1_51' title='bbox 198 773 337 833; x_wconf 90' lang='lat' dir='ltr'><strong>interdum</strong></span> <span class='ocrx_word' id='word_1_52' title='bbox 353 773 536 832; x_wconf 88' lang='lat' dir='ltr'><strong>necessariae</strong></span> <span class='ocrx_word' id='word_1_53' title='bbox 552 781 632 847; x_wconf 92' lang='lat' dir='ltr'><strong>suut,</strong></span> <span class='ocrx_word' id='word_1_54' title='bbox 650 773 709 846; x_wconf 89' lang='lat' dir='ltr'><strong>sic,</strong></span> <span class='ocrx_word' id='word_1_55' title='bbox 723 768 770 828; x_wconf 94' lang='lat' dir='ltr'><strong>ubi</strong></span> <span class='ocrx_word' id='word_1_56' title='bbox 787 768 955 846; x_wconf 86' lang='lat' dir='ltr'><strong>frequentes</strong></span> <span class='ocrx_word' id='word_1_57' title='bbox 969 777 1048 842; x_wconf 88' lang='lat' dir='ltr'><strong>suut,</strong></span> <span class='ocrx_word' id='word_1_58' title='bbox 1065 767 1140 846; x_wconf 84' lang='lat' dir='ltr'><strong>peri·</strong></span> 
     </span>
     <span class='ocr_line' id='line_1_8' title="bbox 151 851 1141 930; baseline -0.009 -13"><span class='ocrx_word' id='word_1_59' title='bbox 151 858 244 917; x_wconf 90' lang='lat' dir='ltr'><strong>culum</strong></span> <span class='ocrx_word' id='word_1_60' title='bbox 260 859 389 918; x_wconf 83' lang='lat' dir='ltr'><strong>afferunt.</strong></span> <span class='ocrx_word' id='word_1_61' title='bbox 428 857 580 914; x_wconf 78' lang='lat' dir='ltr'><strong>Assuescit</strong></span> <span class='ocrx_word' id='word_1_62' title='bbox 595 857 669 914; x_wconf 90' lang='lat' dir='ltr'><strong>enim</strong></span> <span class='ocrx_word' id='word_1_63' title='bbox 686 870 742 912; x_wconf 90' lang='lat' dir='ltr'><strong>nou</strong></span> <span class='ocrx_word' id='word_1_64' title='bbox 757 853 802 914; x_wconf 91' lang='lat' dir='ltr'><strong>ali</strong></span> <span class='ocrx_word' id='word_1_65' title='bbox 810 869 932 930; x_wconf 87' lang='lat' dir='ltr'><strong>corpus;</strong></span> <span class='ocrx_word' id='word_1_66' title='bbox 955 869 1040 930; x_wconf 92' lang='lat' dir='ltr'><strong>quum</strong></span> <span class='ocrx_word' id='word_1_67' title='bbox 1053 851 1141 910; x_wconf 78' lang='lat' dir='ltr'><strong>omui</strong></span> 
     </span>
     <span class='ocr_line' id='line_1_9' title="bbox 150 938 824 1001; baseline -0.012 0"><span class='ocrx_word' id='word_1_68' title='bbox 150 941 203 1001; x_wconf 92' lang='lat' dir='ltr'><strong>bus</strong></span> <span class='ocrx_word' id='word_1_69' title='bbox 217 943 324 1001; x_wconf 92' lang='lat' dir='ltr'><strong>morbis</strong></span> <span class='ocrx_word' id='word_1_70' title='bbox 343 941 466 999; x_wconf 86' lang='lat' dir='ltr'><strong>obnoxia</strong></span> <span class='ocrx_word' id='word_1_71' title='bbox 482 941 602 999; x_wconf 81' lang='lat' dir='ltr'>maxime</span> <span class='ocrx_word' id='word_1_72' title='bbox 618 938 763 998; x_wconf 90' lang='lat' dir='ltr'><strong>infirmitas</strong></span> <span class='ocrx_word' id='word_1_73' title='bbox 779 939 824 996; x_wconf 89' lang='lat' dir='ltr'><strong>sit.</strong></span> 
     </span>
     <span class='ocr_line' id='line_1_10' title="bbox 214 1018 1143 1100; baseline -0.01 -15"><span class='ocrx_word' id='word_1_74' title='bbox 214 1025 356 1085; x_wconf 82' lang='lat' dir='ltr'><strong>Calefacit</strong></span> <span class='ocrx_word' id='word_1_75' title='bbox 369 1032 463 1083; x_wconf 89' lang='lat' dir='ltr'><strong>autem</strong></span> <span class='ocrx_word' id='word_1_76' title='bbox 483 1025 596 1099; x_wconf 91' lang='lat' dir='ltr'><strong>unctio,</strong></span> <span class='ocrx_word' id='word_1_77' title='bbox 621 1040 692 1100; x_wconf 91' lang='lat' dir='ltr'><strong>aqua</strong></span> <span class='ocrx_word' id='word_1_78' title='bbox 718 1021 810 1096; x_wconf 86' lang='lat' dir='ltr'><strong>salsa,</strong></span> <span class='ocrx_word' id='word_1_79' title='bbox 830 1021 980 1098; x_wconf 83' lang='lat' dir='ltr'><strong>magisque</strong></span> <span class='ocrx_word' id='word_1_80' title='bbox 1002 1021 1026 1078; x_wconf 91' lang='lat' dir='ltr'><strong>si</strong></span> <span class='ocrx_word' id='word_1_81' title='bbox 1051 1018 1143 1077; x_wconf 88' lang='lat' dir='ltr'><strong>calida</strong></span> 
     </span>
    </p>

    <p class='ocr_par' dir='ltr' id='par_1_4' title="bbox 87 1101 1217 2023">
     <span class='ocr_line' id='line_1_11' title="bbox 87 1101 1217 1184; baseline -0.01 -14"><span class='ocrx_word' id='word_1_82' title='bbox 87 1165 90 1170; x_wconf 91' lang='lat'>.</span> <span class='ocrx_word' id='word_1_83' title='bbox 151 1119 210 1184; x_wconf 87' lang='lat' dir='ltr'><strong>est,</strong></span> <span class='ocrx_word' id='word_1_84' title='bbox 236 1110 328 1167; x_wconf 90' lang='lat' dir='ltr'><strong>omnia</strong></span> <span class='ocrx_word' id='word_1_85' title='bbox 351 1108 444 1182; x_wconf 89' lang='lat' dir='ltr'><strong>salsa,</strong></span> <span class='ocrx_word' id='word_1_86' title='bbox 466 1125 578 1182; x_wconf 89' lang='lat' dir='ltr'><strong>amara,</strong></span> <span class='ocrx_word' id='word_1_87' title='bbox 600 1123 738 1181; x_wconf 90' lang='lat' dir='ltr'><strong>carnosa,</strong></span> <span class='ocrx_word' id='word_1_88' title='bbox 759 1107 867 1183; x_wconf 91' lang='lat' dir='ltr'><strong>sipost</strong></span> <span class='ocrx_word' id='word_1_89' title='bbox 886 1105 979 1163; x_wconf 93' lang='lat' dir='ltr'><strong>cibum</strong></span> <span class='ocrx_word' id='word_1_90' title='bbox 1001 1112 1060 1178; x_wconf 93' lang='lat' dir='ltr'><strong>est,</strong></span> <span class='ocrx_word' id='word_1_91' title='bbox 1083 1101 1171 1161; x_wconf 89' lang='lat' dir='ltr'><strong>bal-n</strong></span> <span class='ocrx_word' id='word_1_92' title='bbox 1215 1109 1217 1136; x_wconf 59' lang='lat' dir='ltr'><strong>i</strong></span> 
     </span>
     <span class='ocr_line' id='line_1_12' title="bbox 150 1187 1143 1267; baseline -0.009 -15"><span class='ocrx_word' id='word_1_93' title='bbox 150 1211 250 1266; x_wconf 90' lang='lat' dir='ltr'><strong>neum,</strong></span> <span class='ocrx_word' id='word_1_94' title='bbox 265 1194 359 1250; x_wconf 90' lang='lat' dir='ltr'><strong>vinum</strong></span> <span class='ocrx_word' id='word_1_95' title='bbox 376 1200 529 1252; x_wconf 89' lang='lat' dir='ltr'><strong>austerum.</strong></span> <span class='ocrx_word' id='word_1_96' title='bbox 563 1189 729 1267; x_wconf 75' lang='lat' dir='ltr'><strong>Refrigerat</strong></span> <span class='ocrx_word' id='word_1_97' title='bbox 745 1191 773 1247; x_wconf 94' lang='lat' dir='ltr'><strong>in</strong></span> <span class='ocrx_word' id='word_1_98' title='bbox 785 1190 886 1266; x_wconf 75' lang='lat' dir='ltr'><strong>jeiuno</strong></span> <span class='ocrx_word' id='word_1_99' title='bbox 902 1197 931 1246; x_wconf 89' lang='lat' dir='ltr'><strong>et</strong></span> <span class='ocrx_word' id='word_1_100' title='bbox 946 1187 1095 1261; x_wconf 85' lang='lat' dir='ltr'><strong>balneum,</strong></span> <span class='ocrx_word' id='word_1_101' title='bbox 1115 1195 1143 1244; x_wconf 91' lang='lat' dir='ltr'><strong>et</strong></span> 
     </span>
     <span class='ocr_line' id='line_1_13' title="bbox 151 1269 1217 1351; baseline -0.009 -15"><span class='ocrx_word' id='word_1_102' title='bbox 151 1293 283 1350; x_wconf 91' lang='lat' dir='ltr'><strong>sumnus,</strong></span> <span class='ocrx_word' id='word_1_103' title='bbox 299 1277 352 1333; x_wconf 91' lang='lat' dir='ltr'><strong>nisi</strong></span> <span class='ocrx_word' id='word_1_104' title='bbox 371 1275 452 1334; x_wconf 91' lang='lat' dir='ltr'><strong>nimis</strong></span> <span class='ocrx_word' id='word_1_105' title='bbox 468 1275 573 1351; x_wconf 89' lang='lat' dir='ltr'><strong>longus</strong></span> <span class='ocrx_word' id='word_1_106' title='bbox 589 1283 650 1350; x_wconf 87' lang='lat' dir='ltr'><strong>est,</strong></span> <span class='ocrx_word' id='word_1_107' title='bbox 674 1273 768 1333; x_wconf 88' lang='lat' dir='ltr'><strong>omnia</strong></span> <span class='ocrx_word' id='word_1_108' title='bbox 784 1273 883 1339; x_wconf 91' lang='lat' dir='ltr'><strong>acida;</strong></span> <span class='ocrx_word' id='word_1_109' title='bbox 905 1289 978 1350; x_wconf 90' lang='lat' dir='ltr'><strong>aqna</strong></span> <span class='ocrx_word' id='word_1_110' title='bbox 993 1289 1076 1349; x_wconf 91' lang='lat' dir='ltr'><strong>quam</strong></span> <span class='ocrx_word' id='word_1_111' title='bbox 1095 1269 1142 1328; x_wconf 86' lang='lat' dir='ltr'><strong>fri·</strong></span> <span class='ocrx_word' id='word_1_112' title='bbox 1216 1301 1217 1318; x_wconf 53' lang='lat' dir='ltr'><strong>r</strong></span> 
     </span>
     <span class='ocr_line' id='line_1_14' title="bbox 150 1357 1217 1442; baseline -0.006 -25"><span class='ocrx_word' id='word_1_113' title='bbox 150 1359 313 1436; x_wconf 89' lang='lat' dir='ltr'><strong>gidissima;</strong></span> <span class='ocrx_word' id='word_1_114' title='bbox 332 1359 443 1433; x_wconf 92' lang='lat' dir='ltr'><strong>oleum,</strong></span> <span class='ocrx_word' id='word_1_115' title='bbox 461 1362 484 1418; x_wconf 89' lang='lat' dir='ltr'><strong>si</strong></span> <span class='ocrx_word' id='word_1_116' title='bbox 501 1377 574 1436; x_wconf 90' lang='lat' dir='ltr'><strong>aqua</strong></span> <span class='ocrx_word' id='word_1_117' title='bbox 587 1359 732 1416; x_wconf 85' lang='lat' dir='ltr'><strong>miscetur.</strong></span> <span class='ocrx_word' id='word_1_118' title='bbox 765 1357 915 1416; x_wconf 77' lang='lat' dir='ltr'><strong>Humidum</strong></span> <span class='ocrx_word' id='word_1_119' title='bbox 928 1365 1022 1416; x_wconf 91' lang='lat' dir='ltr'><strong>autem</strong></span> <span class='ocrx_word' id='word_1_120' title='bbox 1033 1372 1142 1432; x_wconf 90' lang='lat' dir='ltr'><strong>corpus</strong></span> <span class='ocrx_word' id='word_1_121' title='bbox 1214 1371 1217 1442; x_wconf 64' lang='lat' dir='ltr'><strong>q</strong></span> 
     </span>
     <span class='ocr_line' id='line_1_15' title="bbox 151 1439 1217 1521; baseline -0.007 -19"><span class='ocrx_word' id='word_1_122' title='bbox 151 1443 241 1502; x_wconf 82' lang='lat' dir='ltr'><strong>elficit</strong></span> <span class='ocrx_word' id='word_1_123' title='bbox 252 1443 336 1502; x_wconf 90' lang='lat' dir='ltr'><strong>labor</strong></span> <span class='ocrx_word' id='word_1_124' title='bbox 348 1445 453 1520; x_wconf 88' lang='lat' dir='ltr'><strong>minor,</strong></span> <span class='ocrx_word' id='word_1_125' title='bbox 470 1461 553 1521; x_wconf 92' lang='lat' dir='ltr'><strong>quam</strong></span> <span class='ocrx_word' id='word_1_126' title='bbox 566 1461 603 1500; x_wconf 86' lang='lat' dir='ltr'><strong>ex</strong></span> <span class='ocrx_word' id='word_1_127' title='bbox 616 1441 837 1516; x_wconf 89' lang='lat' dir='ltr'><strong>consuetudine,</strong></span> <span class='ocrx_word' id='word_1_128' title='bbox 850 1441 989 1519; x_wconf 78' lang='lat' dir='ltr'><strong>frequens</strong></span> <span class='ocrx_word' id='word_1_129' title='bbox 1001 1439 1142 1514; x_wconf 90' lang='lat' dir='ltr'><strong>balneum,</strong></span> <span class='ocrx_word' id='word_1_130' title='bbox 1214 1445 1217 1520; x_wconf 49' lang='grc' dir='ltr'>,ι</span> 
     </span>
     <span class='ocr_line' id='line_1_16' title="bbox 152 1523 1217 1605; baseline -0.008 -19"><span class='ocrx_word' id='word_1_131' title='bbox 152 1528 232 1586; x_wconf 89' lang='lat' dir='ltr'><strong>cibus</strong></span> <span class='ocrx_word' id='word_1_132' title='bbox 249 1527 378 1604; x_wconf 86' lang='lat' dir='ltr'><strong>plenior,</strong></span> <span class='ocrx_word' id='word_1_133' title='bbox 395 1527 480 1585; x_wconf 92' lang='lat' dir='ltr'><strong>multa</strong></span> <span class='ocrx_word' id='word_1_134' title='bbox 502 1527 595 1605; x_wconf 90' lang='lat' dir='ltr'><strong>potio;</strong></span> <span class='ocrx_word' id='word_1_135' title='bbox 615 1525 772 1605; x_wconf 88' lang='lat' dir='ltr'><strong>posthaec</strong></span> <span class='ocrx_word' id='word_1_136' title='bbox 790 1525 959 1599; x_wconf 82' lang='lat' dir='ltr'><strong>ambulatio,</strong></span> <span class='ocrx_word' id='word_1_137' title='bbox 984 1533 1012 1582; x_wconf 90' lang='lat' dir='ltr'><strong>et</strong></span> <span class='ocrx_word' id='word_1_138' title='bbox 1026 1523 1172 1599; x_wconf 63' lang='lat' dir='ltr'><strong>vigiliam</strong></span> <span class='ocrx_word' id='word_1_139' title='bbox 1216 1523 1217 1532; x_wconf 75' lang='grc'>’</span> 
     </span>
     <span class='ocr_line' id='line_1_17' title="bbox 152 1609 1217 1690; baseline -0.005 -21"><span class='ocrx_word' id='word_1_140' title='bbox 152 1613 205 1690; x_wconf 86' lang='lat' dir='ltr'><strong>pei·</strong></span> <span class='ocrx_word' id='word_1_141' title='bbox 226 1621 259 1669; x_wconf 79' lang='lat' dir='ltr'><strong>se</strong></span> <span class='ocrx_word' id='word_1_142' title='bbox 280 1628 394 1689; x_wconf 92' lang='lat' dir='ltr'><strong>quoque</strong></span> <span class='ocrx_word' id='word_1_143' title='bbox 416 1609 570 1669; x_wconf 88' lang='lat' dir='ltr'><strong>ambulatio</strong></span> <span class='ocrx_word' id='word_1_144' title='bbox 590 1611 676 1669; x_wconf 89' lang='lat' dir='ltr'><strong>multa</strong></span> <span class='ocrx_word' id='word_1_145' title='bbox 697 1619 727 1668; x_wconf 93' lang='lat' dir='ltr'><strong>et</strong></span> <span class='ocrx_word' id='word_1_146' title='bbox 742 1610 916 1684; x_wconf 86' lang='lat' dir='ltr'><strong>vehemens,</strong></span> <span class='ocrx_word' id='word_1_147' title='bbox 944 1616 972 1667; x_wconf 91' lang='lat' dir='ltr'><strong>et</strong></span> <span class='ocrx_word' id='word_1_148' title='bbox 991 1609 1144 1666; x_wconf 86' lang='lat' dir='ltr'><strong>matutinae</strong></span> <span class='ocrx_word' id='word_1_149' title='bbox 1216 1635 1217 1674; x_wconf 66' lang='grc' dir='ltr'><strong>ι</strong></span> 
     </span>
     <span class='ocr_line' id='line_1_18' title="bbox 151 1694 1144 1772; baseline -0.005 -19"><span class='ocrx_word' id='word_1_150' title='bbox 151 1697 352 1754; x_wconf 82' lang='lat' dir='ltr'><strong>exercitationi</strong></span> <span class='ocrx_word' id='word_1_151' title='bbox 366 1711 423 1753; x_wconf 91' lang='lat' dir='ltr'><strong>auu</strong></span> <span class='ocrx_word' id='word_1_152' title='bbox 442 1697 572 1772; x_wconf 91' lang='lat' dir='ltr'><strong>protinus</strong></span> <span class='ocrx_word' id='word_1_153' title='bbox 588 1695 669 1752; x_wconf 92' lang='lat' dir='ltr'><strong>cibus</strong></span> <span class='ocrx_word' id='word_1_154' title='bbox 686 1694 832 1769; x_wconf 89' lang='lat' dir='ltr'><strong>adjectus;</strong></span> <span class='ocrx_word' id='word_1_155' title='bbox 858 1711 892 1752; x_wconf 89' lang='lat' dir='ltr'><strong>ea</strong></span> <span class='ocrx_word' id='word_1_156' title='bbox 908 1710 1018 1769; x_wconf 86' lang='lat' dir='ltr'><strong>genera</strong></span> <span class='ocrx_word' id='word_1_157' title='bbox 1044 1709 1144 1764; x_wconf 89' lang='lat' dir='ltr'><strong>escae,</strong></span> 
     </span>
     <span class='ocr_line' id='line_1_19' title="bbox 152 1772 1145 1856; baseline -0.004 -20"><span class='ocrx_word' id='word_1_158' title='bbox 152 1795 225 1855; x_wconf 89' lang='lat' dir='ltr'><strong>quae</strong></span> <span class='ocrx_word' id='word_1_159' title='bbox 238 1781 353 1836; x_wconf 86' lang='lat' dir='ltr'><strong>veniunt</strong></span> <span class='ocrx_word' id='word_1_160' title='bbox 365 1796 402 1836; x_wconf 86' lang='lat' dir='ltr'><strong>ex</strong></span> <span class='ocrx_word' id='word_1_161' title='bbox 416 1778 491 1837; x_wconf 90' lang='lat' dir='ltr'><strong>locis</strong></span> <span class='ocrx_word' id='word_1_162' title='bbox 507 1778 636 1853; x_wconf 86' lang='lat' dir='ltr'><strong>lrigidis,</strong></span> <span class='ocrx_word' id='word_1_163' title='bbox 653 1787 682 1836; x_wconf 92' lang='lat' dir='ltr'><strong>et</strong></span> <span class='ocrx_word' id='word_1_164' title='bbox 697 1778 818 1856; x_wconf 87' lang='lat' dir='ltr'><strong>pluviis,</strong></span> <span class='ocrx_word' id='word_1_165' title='bbox 835 1785 863 1836; x_wconf 91' lang='lat' dir='ltr'><strong>et</strong></span> <span class='ocrx_word' id='word_1_166' title='bbox 876 1778 1001 1853; x_wconf 89' lang='lat' dir='ltr'><strong>irriguis.</strong></span> <span class='ocrx_word' id='word_1_167' title='bbox 1038 1772 1145 1834; x_wconf 78' lang='lat' dir='ltr'><strong>Contra</strong></span> 
     </span>
     <span class='ocr_line' id='line_1_20' title="bbox 152 1859 1144 1938; baseline -0.002 -18"><span class='ocrx_word' id='word_1_168' title='bbox 152 1863 242 1920; x_wconf 89' lang='lat' dir='ltr'><strong>siccat</strong></span> <span class='ocrx_word' id='word_1_169' title='bbox 258 1863 409 1921; x_wconf 89' lang='lat' dir='ltr'><strong>immodica</strong></span> <span class='ocrx_word' id='word_1_170' title='bbox 425 1863 612 1936; x_wconf 84' lang='lat' dir='ltr'><strong>exercitatio,</strong></span> <span class='ocrx_word' id='word_1_171' title='bbox 629 1860 736 1937; x_wconf 87' lang='lat' dir='ltr'><strong>fames,</strong></span> <span class='ocrx_word' id='word_1_172' title='bbox 754 1863 849 1922; x_wconf 92' lang='lat' dir='ltr'><strong>unctio</strong></span> <span class='ocrx_word' id='word_1_173' title='bbox 865 1862 926 1919; x_wconf 88' lang='lat' dir='ltr'><strong>sine</strong></span> <span class='ocrx_word' id='word_1_174' title='bbox 945 1878 1034 1938; x_wconf 85' lang='lat' dir='ltr'><strong>aqua,</strong></span> <span class='ocrx_word' id='word_1_175' title='bbox 1052 1859 1144 1932; x_wconf 89' lang='lat' dir='ltr'><strong>calor,</strong></span> 
     </span>
     <span class='ocr_line' id='line_1_21' title="bbox 152 1942 1177 2023; baseline -0.004 -19"><span class='ocrx_word' id='word_1_176' title='bbox 152 1945 196 2004; x_wconf 92' lang='lat' dir='ltr'><strong>sol</strong></span> <span class='ocrx_word' id='word_1_177' title='bbox 214 1946 396 2020; x_wconf 87' lang='lat' dir='ltr'><strong>immodicus,</strong></span> <span class='ocrx_word' id='word_1_178' title='bbox 412 1945 516 2022; x_wconf 76' lang='lat' dir='ltr'><strong>frigida</strong></span> <span class='ocrx_word' id='word_1_179' title='bbox 532 1963 622 2023; x_wconf 91' lang='lat' dir='ltr'><strong>aqua,</strong></span> <span class='ocrx_word' id='word_1_180' title='bbox 649 1945 729 2004; x_wconf 90' lang='lat' dir='ltr'><strong>cibus</strong></span> <span class='ocrx_word' id='word_1_181' title='bbox 752 1947 954 2004; x_wconf 87' lang='lat' dir='ltr'><strong>exercitationi</strong></span> <span class='ocrx_word' id='word_1_182' title='bbox 971 1944 1064 2002; x_wconf 90' lang='lat' dir='ltr'><strong>statim</strong></span> <span class='ocrx_word' id='word_1_183' title='bbox 1079 1942 1177 2001; x_wconf 82' lang='lat' dir='ltr'><strong>sub-au</strong></span> 
     </span>
    </p>

    <p class='ocr_par' dir='ltr' id='par_1_5' title="bbox 39 2029 1049 2107">
     <span class='ocr_line' id='line_1_22' title="bbox 39 2029 1049 2107; baseline -0.001 -21"><span class='ocrx_word' id='word_1_184' title='bbox 39 2069 43 2077; x_wconf 78' lang='lat'><em>-</em></span> <span class='ocrx_word' id='word_1_185' title='bbox 148 2032 262 2104; x_wconf 86' lang='lat' dir='ltr'><strong>jectus,</strong></span> <span class='ocrx_word' id='word_1_186' title='bbox 279 2038 312 2094; x_wconf 85' lang='lat' dir='ltr'><strong>et¹</strong></span> <span class='ocrx_word' id='word_1_187' title='bbox 325 2033 350 2088; x_wconf 93' lang='lat' dir='ltr'><strong>is</strong></span> <span class='ocrx_word' id='word_1_188' title='bbox 366 2033 430 2107; x_wconf 90' lang='lat' dir='ltr'><strong>ipse</strong></span> <span class='ocrx_word' id='word_1_189' title='bbox 446 2047 483 2088; x_wconf 85' lang='lat' dir='ltr'><strong>ex</strong></span> <span class='ocrx_word' id='word_1_190' title='bbox 499 2030 587 2088; x_wconf 89' lang='lat' dir='ltr'><strong>siccis</strong></span> <span class='ocrx_word' id='word_1_191' title='bbox 604 2039 632 2088; x_wconf 91' lang='grc' dir='ltr'><strong>ιι</strong></span> <span class='ocrx_word' id='word_1_192' title='bbox 640 2031 792 2088; x_wconf 72' lang='lat' dir='ltr'><strong>‘aestuosis</strong></span> <span class='ocrx_word' id='word_1_193' title='bbox 808 2029 882 2088; x_wconf 90' lang='lat' dir='ltr'><strong>loeis</strong></span> <span class='ocrx_word' id='word_1_194' title='bbox 898 2029 1028 2086; x_wconf 89' lang='lat' dir='ltr'><strong>veniens.</strong></span> <span class='ocrx_word' id='word_1_195' title='bbox 1047 2045 1049 2050; x_wconf 76' lang='grc'><strong>’</strong></span> 
     </span>
    </p>

    <p class='ocr_par' dir='ltr' id='par_1_6' title="bbox 151 2113 1182 2858">
     <span class='ocr_line' id='line_1_23' title="bbox 216 2113 1146 2192; baseline -0.003 -21"><span class='ocrx_word' id='word_1_196' title='bbox 216 2113 320 2173; x_wconf 81' lang='lat' dir='ltr'><strong>Alvum</strong></span> <span class='ocrx_word' id='word_1_197' title='bbox 330 2114 494 2192; x_wconf 85' lang='lat' dir='ltr'><strong>adstringit</strong></span> <span class='ocrx_word' id='word_1_198' title='bbox 515 2113 613 2189; x_wconf 89' lang='lat' dir='ltr'><strong>labor,</strong></span> <span class='ocrx_word' id='word_1_199' title='bbox 642 2113 751 2189; x_wconf 90' lang='lat' dir='ltr'><strong>sedile,</strong></span> <span class='ocrx_word' id='word_1_200' title='bbox 774 2123 854 2173; x_wconf 89' lang='lat' dir='ltr'><strong>creta</strong></span> <span class='ocrx_word' id='word_1_201' title='bbox 875 2113 1003 2188; x_wconf 86' lang='lat' dir='ltr'><strong>figularis</strong></span> <span class='ocrx_word' id='word_1_202' title='bbox 1027 2113 1146 2189; x_wconf 85' lang='lat' dir='ltr'><strong>corpori</strong></span> 
     </span>
     <span class='ocr_line' id='line_1_24' title="bbox 151 2185 1148 2275; baseline -0.006 -19"><span class='ocrx_word' id='word_1_203' title='bbox 151 2198 239 2273; x_wconf 88' lang='lat' dir='ltr'><strong>illita,</strong></span> <span class='ocrx_word' id='word_1_204' title='bbox 258 2185 338 2258; x_wconf 85' lang='lat' dir='ltr'><strong>cibus</strong></span> <span class='ocrx_word' id='word_1_205' title='bbox 352 2200 528 2272; x_wconf 88' lang='lat' dir='ltr'><strong>imminutus,</strong></span> <span class='ocrx_word' id='word_1_206' title='bbox 554 2207 583 2256; x_wconf 92' lang='lat' dir='ltr'><strong>et</strong></span> <span class='ocrx_word' id='word_1_207' title='bbox 598 2199 622 2256; x_wconf 90' lang='lat' dir='ltr'><strong>is</strong></span> <span class='ocrx_word' id='word_1_208' title='bbox 636 2199 700 2275; x_wconf 90' lang='lat' dir='ltr'><strong>ipse</strong></span> <span class='ocrx_word' id='word_1_209' title='bbox 717 2198 807 2257; x_wconf 85' lang='lat' dir='ltr'><strong>semel</strong></span> <span class='ocrx_word' id='word_1_210' title='bbox 826 2198 870 2256; x_wconf 91' lang='lat' dir='ltr'><strong>die</strong></span> <span class='ocrx_word' id='word_1_211' title='bbox 889 2206 1031 2256; x_wconf 90' lang='lat' dir='ltr'><strong>assumtus</strong></span> <span class='ocrx_word' id='word_1_212' title='bbox 1047 2195 1082 2254; x_wconf 91' lang='lat' dir='ltr'><strong>ab</strong></span> <span class='ocrx_word' id='word_1_213' title='bbox 1100 2211 1148 2270; x_wconf 88' lang='lat' dir='ltr'><strong>eu,</strong></span> 
     </span>
     <span class='ocr_line' id='line_1_25' title="bbox 153 2279 1148 2379; baseline -0.006 -37"><span class='ocrx_word' id='word_1_214' title='bbox 153 2282 258 2360; x_wconf 90' lang='lat' dir='ltr'><strong>quibis</strong></span> <span class='ocrx_word' id='word_1_215' title='bbox 276 2283 366 2350; x_wconf 91' lang='lat' dir='ltr'><strong>solct;</strong></span> <span class='ocrx_word' id='word_1_216' title='bbox 389 2285 494 2358; x_wconf 84' lang='lat' dir='ltr'><strong>exigna</strong></span> <span class='ocrx_word' id='word_1_217' title='bbox 511 2284 607 2362; x_wconf 88' lang='lat' dir='ltr'><strong>potio,</strong></span> <span class='ocrx_word' id='word_1_218' title='bbox 629 2301 724 2362; x_wconf 87' lang='lat' dir='ltr'><strong>neque</strong></span> <span class='ocrx_word' id='word_1_219' title='bbox 746 2282 885 2356; x_wconf 89' lang='lat' dir='ltr'><strong>adhibita,</strong></span> <span class='ocrx_word' id='word_1_220' title='bbox 908 2283 963 2340; x_wconf 91' lang='lat' dir='ltr'><strong>uisi</strong></span> <span class='ocrx_word' id='word_1_221' title='bbox 983 2298 1067 2379; x_wconf 92' lang='lat' dir='ltr'><strong>quum</strong></span> <span class='ocrx_word' id='word_1_222' title='bbox 1090 2279 1148 2338; x_wconf 93' lang='lat' dir='ltr'><strong>cibi</strong></span> 
     </span>
     <span class='ocr_line' id='line_1_26' title="bbox 153 2361 1181 2444; baseline -0.006 -20"><span class='ocrx_word' id='word_1_223' title='bbox 153 2385 217 2443; x_wconf 85' lang='lat' dir='ltr'><strong>quus</strong></span> <span class='ocrx_word' id='word_1_224' title='bbox 233 2377 365 2444; x_wconf 91' lang='lat' dir='ltr'><strong>quantum</strong></span> <span class='ocrx_word' id='word_1_225' title='bbox 378 2376 553 2426; x_wconf 87' lang='lat' dir='ltr'><strong>assumturus</strong></span> <span class='ocrx_word' id='word_1_226' title='bbox 569 2376 627 2441; x_wconf 91' lang='lat' dir='ltr'><strong>est</strong></span> <span class='ocrx_word' id='word_1_227' title='bbox 646 2369 737 2444; x_wconf 89' lang='lat' dir='ltr'><strong>cepit;</strong></span> <span class='ocrx_word' id='word_1_228' title='bbox 754 2374 821 2443; x_wconf 90' lang='lat' dir='ltr'><strong>post</strong></span> <span class='ocrx_word' id='word_1_229' title='bbox 838 2366 931 2424; x_wconf 86' lang='lat' dir='ltr'><strong>cubum</strong></span> <span class='ocrx_word' id='word_1_230' title='bbox 945 2383 1036 2442; x_wconf 87' lang='lat' dir='ltr'><strong>qures</strong></span> <span class='ocrx_word' id='word_1_231' title='bbox 1070 2361 1169 2422; x_wconf 81' lang='lat' dir='ltr'><strong>Con·</strong></span> <span class='ocrx_word' id='word_1_232' title='bbox 1157 2380 1181 2419; x_wconf 83' lang='lat' dir='ltr'><strong>es</strong></span> 
     </span>
     <span class='ocr_line' id='line_1_27' title="bbox 151 2447 1148 2528; baseline -0.002 -22"><span class='ocrx_word' id='word_1_233' title='bbox 151 2459 196 2507; x_wconf 89' lang='lat' dir='ltr'><strong>tra</strong></span> <span class='ocrx_word' id='word_1_234' title='bbox 211 2449 298 2509; x_wconf 86' lang='lat' dir='ltr'><strong>solvit</strong></span> <span class='ocrx_word' id='word_1_235' title='bbox 315 2460 396 2510; x_wconf 90' lang='lat' dir='ltr'><strong>aucta</strong></span> <span class='ocrx_word' id='word_1_236' title='bbox 414 2450 567 2509; x_wconf 85' lang='lat' dir='ltr'><strong>ambulatio</strong></span> <span class='ocrx_word' id='word_1_237' title='bbox 584 2457 669 2528; x_wconf 86' lang='lat' dir='ltr'><strong>atque</strong></span> <span class='ocrx_word' id='word_1_238' title='bbox 689 2467 773 2524; x_wconf 87' lang='lat' dir='ltr'><strong>esca,</strong></span> <span class='ocrx_word' id='word_1_239' title='bbox 796 2457 890 2507; x_wconf 92' lang='lat' dir='ltr'><strong>motus</strong></span> <span class='ocrx_word' id='word_1_240' title='bbox 907 2451 954 2526; x_wconf 92' lang='lat' dir='ltr'><strong>qui</strong></span> <span class='ocrx_word' id='word_1_241' title='bbox 971 2457 1038 2526; x_wconf 89' lang='lat' dir='ltr'><strong>post</strong></span> <span class='ocrx_word' id='word_1_242' title='bbox 1053 2447 1148 2506; x_wconf 89' lang='lat' dir='ltr'><strong>cibam</strong></span> 
     </span>
     <span class='ocr_line' id='line_1_28' title="bbox 153 2531 1149 2610; baseline 0.001 -22"><span class='ocrx_word' id='word_1_243' title='bbox 153 2541 224 2603; x_wconf 80' lang='grc' dir='ltr'>ιιι,</span> <span class='ocrx_word' id='word_1_244' title='bbox 244 2532 364 2591; x_wconf 85' lang='lat' dir='ltr'><strong>subinde</strong></span> <span class='ocrx_word' id='word_1_245' title='bbox 388 2535 523 2609; x_wconf 89' lang='lat' dir='ltr'><strong>potiones</strong></span> <span class='ocrx_word' id='word_1_246' title='bbox 552 2535 618 2592; x_wconf 91' lang='lat' dir='ltr'><strong>cibo</strong></span> <span class='ocrx_word' id='word_1_247' title='bbox 639 2534 792 2590; x_wconf 83' lang='lat' dir='ltr'><strong>immixtae.</strong></span> <span class='ocrx_word' id='word_1_248' title='bbox 835 2531 908 2591; x_wconf 90' lang='lat' dir='ltr'><strong>Illud</strong></span> <span class='ocrx_word' id='word_1_249' title='bbox 931 2549 1045 2610; x_wconf 88' lang='lat' dir='ltr'><strong>quoque</strong></span> <span class='ocrx_word' id='word_1_250' title='bbox 1071 2533 1149 2590; x_wconf 87' lang='lat' dir='ltr'><strong>scire</strong></span> 
     </span>
     <span class='ocr_line' id='line_1_29' title="bbox 153 2614 1149 2694; baseline 0 -22"><span class='ocrx_word' id='word_1_251' title='bbox 153 2623 285 2691; x_wconf 90' lang='lat' dir='ltr'><strong>oportet,</strong></span> <span class='ocrx_word' id='word_1_252' title='bbox 302 2614 379 2691; x_wconf 90' lang='lat' dir='ltr'><strong>quod</strong></span> <span class='ocrx_word' id='word_1_253' title='bbox 392 2625 521 2673; x_wconf 82' lang='lat' dir='ltr'><strong>ventrem</strong></span> <span class='ocrx_word' id='word_1_254' title='bbox 533 2614 791 2693; x_wconf 85' lang='lat' dir='ltr'><strong>vomitussolutum</strong></span> <span class='ocrx_word' id='word_1_255' title='bbox 805 2618 981 2694; x_wconf 91' lang='lat' dir='ltr'><strong>comprimit,</strong></span> <span class='ocrx_word' id='word_1_256' title='bbox 998 2633 1149 2694; x_wconf 89' lang='lat' dir='ltr'><strong>compres-</strong></span> 
     </span>
     <span class='ocr_line' id='line_1_30' title="bbox 152 2698 1150 2778; baseline 0.003 -24"><span class='ocrx_word' id='word_1_257' title='bbox 152 2715 213 2754; x_wconf 90' lang='lat' dir='ltr'><strong>sum</strong></span> <span class='ocrx_word' id='word_1_258' title='bbox 232 2699 334 2757; x_wconf 87' lang='lat' dir='ltr'><strong>solvit:</strong></span> <span class='ocrx_word' id='word_1_259' title='bbox 358 2700 483 2774; x_wconf 90' lang='lat' dir='ltr'><strong>itemque</strong></span> <span class='ocrx_word' id='word_1_260' title='bbox 507 2698 667 2775; x_wconf 90' lang='lat' dir='ltr'><strong>comprimit</strong></span> <span class='ocrx_word' id='word_1_261' title='bbox 688 2699 711 2754; x_wconf 93' lang='lat' dir='ltr'><strong>is</strong></span> <span class='ocrx_word' id='word_1_262' title='bbox 732 2701 871 2776; x_wconf 90' lang='lat' dir='ltr'><strong>vomitus,</strong></span> <span class='ocrx_word' id='word_1_263' title='bbox 896 2703 943 2778; x_wconf 90' lang='lat' dir='ltr'><strong>qui</strong></span> <span class='ocrx_word' id='word_1_264' title='bbox 966 2701 1060 2760; x_wconf 92' lang='lat' dir='ltr'><strong>statim</strong></span> <span class='ocrx_word' id='word_1_265' title='bbox 1080 2708 1150 2777; x_wconf 86' lang='lat' dir='ltr'><strong>post</strong></span> 
     </span>
     <span class='ocr_line' id='line_1_31' title="bbox 153 2779 1182 2858; baseline -0.002 -19"><span class='ocrx_word' id='word_1_266' title='bbox 153 2779 246 2839; x_wconf 91' lang='lat' dir='ltr'><strong>cibum</strong></span> <span class='ocrx_word' id='word_1_267' title='bbox 262 2790 321 2846; x_wconf 87' lang='lat' dir='ltr'><strong>est;</strong></span> <span class='ocrx_word' id='word_1_268' title='bbox 341 2780 485 2853; x_wconf 88' lang='lat' dir='ltr'><strong>solvitis,</strong></span> <span class='ocrx_word' id='word_1_269' title='bbox 504 2783 551 2856; x_wconf 94' lang='lat' dir='ltr'><strong>qui</strong></span> <span class='ocrx_word' id='word_1_270' title='bbox 567 2781 648 2840; x_wconf 88' lang='lat' dir='ltr'><strong>tarde</strong></span> <span class='ocrx_word' id='word_1_271' title='bbox 667 2785 844 2858; x_wconf 86' lang='lat' dir='ltr'><strong>supervenit.</strong></span> <span class='ocrx_word' id='word_1_272' title='bbox 1003 2792 1006 2799; x_wconf 72' lang='grc'>“</span> <span class='ocrx_word' id='word_1_273' title='bbox 1159 2795 1182 2837; x_wconf 85' lang='grc' dir='ltr'><strong>ιι</strong></span> 
     </span>
    </p>

    <p class='ocr_par' dir='ltr' id='par_1_7' title="bbox 152 2863 1217 3029">
     <span class='ocr_line' id='line_1_32' title="bbox 216 2863 1217 2942; baseline 0.002 -20"><span class='ocrx_word' id='word_1_274' title='bbox 216 2863 299 2937; x_wconf 79' lang='lat' dir='ltr'><strong>Quod</strong></span> <span class='ocrx_word' id='word_1_275' title='bbox 320 2865 356 2923; x_wconf 93' lang='lat' dir='ltr'><strong>ad</strong></span> <span class='ocrx_word' id='word_1_276' title='bbox 378 2872 487 2922; x_wconf 89' lang='lat' dir='ltr'><strong>aetates</strong></span> <span class='ocrx_word' id='word_1_277' title='bbox 511 2881 580 2923; x_wconf 87' lang='lat' dir='ltr'><strong>vero</strong></span> <span class='ocrx_word' id='word_1_278' title='bbox 597 2866 737 2942; x_wconf 76' lang='lat' dir='ltr'><strong>pertinet,</strong></span> <span class='ocrx_word' id='word_1_279' title='bbox 760 2867 883 2925; x_wconf 90' lang='lat' dir='ltr'><strong>inediam</strong></span> <span class='ocrx_word' id='word_1_280' title='bbox 901 2867 1039 2925; x_wconf 86' lang='lat' dir='ltr'><strong>facillime</strong></span> <span class='ocrx_word' id='word_1_281' title='bbox 1061 2868 1149 2925; x_wconf 84' lang='lat' dir='ltr'><strong>susti-</strong></span> <span class='ocrx_word' id='word_1_282' title='bbox 1216 2909 1217 2918; x_wconf 35' lang='grc' dir='ltr'>ι</span> 
     </span>
     <span class='ocr_line' id='line_1_33' title="bbox 152 2948 1150 3029; baseline 0 -21"><span class='ocrx_word' id='word_1_283' title='bbox 152 2959 219 3008; x_wconf 89' lang='lat' dir='ltr'><strong>nent</strong></span> <span class='ocrx_word' id='word_1_284' title='bbox 230 2948 341 3007; x_wconf 89' lang='lat' dir='ltr'><strong>mediae</strong></span> <span class='ocrx_word' id='word_1_285' title='bbox 354 2956 474 3021; x_wconf 86' lang='lat' dir='ltr'><strong>aetates,</strong></span> <span class='ocrx_word' id='word_1_286' title='bbox 489 2950 579 3007; x_wconf 88' lang='lat' dir='ltr'><strong>minus</strong></span> <span class='ocrx_word' id='word_1_287' title='bbox 587 2951 721 3025; x_wconf 86' lang='lat' dir='ltr'><strong>juvenes,</strong></span> <span class='ocrx_word' id='word_1_288' title='bbox 734 2951 846 3009; x_wconf 92' lang='lat' dir='ltr'><strong>minime</strong></span> <span class='ocrx_word' id='word_1_289' title='bbox 859 2953 942 3029; x_wconf 75' lang='lat' dir='ltr'><strong>pareri</strong></span> <span class='ocrx_word' id='word_1_290' title='bbox 955 2960 984 3009; x_wconf 92' lang='lat' dir='ltr'><strong>et</strong></span> <span class='ocrx_word' id='word_1_291' title='bbox 996 2959 1150 3009; x_wconf 88' lang='lat' dir='ltr'><strong>senectute</strong></span> 
     </span>
    </p>

    <p class='ocr_par' dir='ltr' id='par_1_8' title="bbox 100 3029 1217 3529">
     <span class='ocr_line' id='line_1_34' title="bbox 100 3029 1149 3112; baseline -0.003 -18"><span class='ocrx_word' id='word_1_292' title='bbox 100 3083 109 3094; x_wconf 23' lang='lat' dir='ltr'><strong>a</strong></span> <span class='ocrx_word' id='word_1_293' title='bbox 154 3033 280 3092; x_wconf 89' lang='lat' dir='ltr'><strong>coniecti</strong></span> <span class='ocrx_word' id='word_1_294' title='bbox 300 3029 396 3112; x_wconf 76' lang='lat' dir='ltr'><strong>(Aple.</strong></span> <span class='ocrx_word' id='word_1_295' title='bbox 409 3030 438 3112; x_wconf 95' lang='lat'><strong>1,</strong></span> <span class='ocrx_word' id='word_1_296' title='bbox 462 3030 526 3110; x_wconf 82' lang='lat'>13).</span> <span class='ocrx_word' id='word_1_297' title='bbox 547 3055 553 3070; x_wconf 77' lang='lat'><strong><em>¹</em></strong></span> <span class='ocrx_word' id='word_1_298' title='bbox 572 3033 636 3105; x_wconf 80' lang='lat' dir='ltr'><strong>Quo</strong></span> <span class='ocrx_word' id='word_1_299' title='bbox 659 3034 750 3092; x_wconf 90' lang='lat' dir='ltr'><strong>minus</strong></span> <span class='ocrx_word' id='word_1_300' title='bbox 769 3033 826 3093; x_wconf 87' lang='lat' dir='ltr'><strong>fert</strong></span> <span class='ocrx_word' id='word_1_301' title='bbox 840 3035 925 3094; x_wconf 88' lang='lat' dir='ltr'><strong>facile</strong></span> <span class='ocrx_word' id='word_1_302' title='bbox 947 3037 1086 3112; x_wconf 89' lang='lat' dir='ltr'><strong>quisque,</strong></span> <span class='ocrx_word' id='word_1_303' title='bbox 1112 3051 1149 3092; x_wconf 90' lang='lat' dir='ltr'><strong>eu</strong></span> 
     </span>
     <span class='ocr_line' id='line_1_35' title="bbox 153 3115 1149 3196; baseline 0.003 -23"><span class='ocrx_word' id='word_1_304' title='bbox 153 3119 269 3194; x_wconf 89' lang='lat' dir='ltr'><strong>saepius</strong></span> <span class='ocrx_word' id='word_1_305' title='bbox 285 3116 371 3174; x_wconf 90' lang='lat' dir='ltr'><strong>debet</strong></span> <span class='ocrx_word' id='word_1_306' title='bbox 388 3115 481 3174; x_wconf 90' lang='lat' dir='ltr'><strong>cibum</strong></span> <span class='ocrx_word' id='word_1_307' title='bbox 497 3133 659 3184; x_wconf 86' lang='lat' dir='ltr'><strong>assumere;</strong></span> <span class='ocrx_word' id='word_1_308' title='bbox 682 3119 862 3196; x_wconf 86' lang='lat' dir='ltr'><strong>maximeque</strong></span> <span class='ocrx_word' id='word_1_309' title='bbox 879 3135 914 3176; x_wconf 90' lang='lat' dir='ltr'><strong>eo</strong></span> <span class='ocrx_word' id='word_1_310' title='bbox 934 3128 1018 3194; x_wconf 86' lang='lat' dir='ltr'><strong>eget,</strong></span> <span class='ocrx_word' id='word_1_311' title='bbox 1042 3119 1091 3196; x_wconf 92' lang='lat' dir='ltr'><strong>qui</strong></span> <span class='ocrx_word' id='word_1_312' title='bbox 1108 3120 1149 3176; x_wconf 91' lang='lat' dir='ltr'><strong>in·</strong></span> 
     </span>
     <span class='ocr_line' id='line_1_36' title="bbox 153 3198 1217 3284; baseline 0.004 -26"><span class='ocrx_word' id='word_1_313' title='bbox 153 3201 259 3259; x_wconf 85' lang='lat' dir='ltr'><strong>crescit</strong></span> <span class='ocrx_word' id='word_1_314' title='bbox 283 3198 377 3276; x_wconf 72' lang='lat' dir='ltr'><strong>(Aple.</strong></span> <span class='ocrx_word' id='word_1_315' title='bbox 393 3198 420 3277; x_wconf 87' lang='lat' dir='ltr'><strong>l,</strong></span> <span class='ocrx_word' id='word_1_316' title='bbox 445 3199 509 3276; x_wconf 82' lang='lat'>14).</span> <span class='ocrx_word' id='word_1_317' title='bbox 555 3198 654 3260; x_wconf 81' lang='lat' dir='ltr'><strong>Calida</strong></span> <span class='ocrx_word' id='word_1_318' title='bbox 676 3202 781 3262; x_wconf 90' lang='lat' dir='ltr'><strong>lavatio</strong></span> <span class='ocrx_word' id='word_1_319' title='bbox 803 3212 832 3260; x_wconf 91' lang='grc' dir='ltr'><strong>ιι</strong></span> <span class='ocrx_word' id='word_1_320' title='bbox 856 3203 953 3281; x_wconf 88' lang='lat' dir='ltr'><strong>pueris</strong></span> <span class='ocrx_word' id='word_1_321' title='bbox 976 3211 1005 3260; x_wconf 91' lang='lat' dir='ltr'><strong>et</strong></span> <span class='ocrx_word' id='word_1_322' title='bbox 1027 3202 1149 3261; x_wconf 84' lang='lat' dir='ltr'><strong>senibus</strong></span> <span class='ocrx_word' id='word_1_323' title='bbox 1158 3223 1182 3264; x_wconf 85' lang='grc' dir='ltr'><strong>ιι</strong></span> <span class='ocrx_word' id='word_1_324' title='bbox 1214 3209 1217 3284; x_wconf 73' lang='lat' dir='ltr'><strong>l</strong></span> 
     </span>
     <span class='ocr_line' id='line_1_37' title="bbox 152 3284 1217 3362; baseline 0.003 -22"><span class='ocrx_word' id='word_1_325' title='bbox 152 3291 219 3360; x_wconf 90' lang='lat' dir='ltr'><strong>apta</strong></span> <span class='ocrx_word' id='word_1_326' title='bbox 242 3293 295 3342; x_wconf 89' lang='lat' dir='ltr'><strong>est.</strong></span> <span class='ocrx_word' id='word_1_327' title='bbox 340 3285 440 3342; x_wconf 90' lang='lat' dir='ltr'><strong>Vinum</strong></span> <span class='ocrx_word' id='word_1_328' title='bbox 465 3284 581 3342; x_wconf 90' lang='lat' dir='ltr'><strong>dilutius</strong></span> <span class='ocrx_word' id='word_1_329' title='bbox 600 3288 712 3362; x_wconf 90' lang='lat' dir='ltr'><strong>pueris,</strong></span> <span class='ocrx_word' id='word_1_330' title='bbox 737 3287 851 3346; x_wconf 87' lang='lat' dir='ltr'><strong>senibus</strong></span> <span class='ocrx_word' id='word_1_331' title='bbox 877 3288 1034 3362; x_wconf 89' lang='lat' dir='ltr'><strong>meracius,</strong></span> <span class='ocrx_word' id='word_1_332' title='bbox 1054 3288 1150 3344; x_wconf 90' lang='lat' dir='ltr'><strong>uentri</strong></span> <span class='ocrx_word' id='word_1_333' title='bbox 1216 3287 1217 3296; x_wconf 75' lang='grc'>’</span> 
     </span>
     <span class='ocr_line' id='line_1_38' title="bbox 153 3367 1217 3446; baseline 0 -22"><span class='ocrx_word' id='word_1_334' title='bbox 153 3367 644 3444; x_wconf 88' lang='lat' dir='ltr'><strong>aetatiquaeinilationesmoveut.</strong></span> <span class='ocrx_word' id='word_1_335' title='bbox 683 3369 823 3429; x_wconf 84' lang='lat' dir='ltr'><strong>Juvemun</strong></span> <span class='ocrx_word' id='word_1_336' title='bbox 845 3373 951 3444; x_wconf 91' lang='lat' dir='ltr'><strong>miuus,</strong></span> <span class='ocrx_word' id='word_1_337' title='bbox 975 3387 1049 3446; x_wconf 89' lang='lat' dir='ltr'><strong>quae</strong></span> <span class='ocrx_word' id='word_1_338' title='bbox 1067 3388 1148 3428; x_wconf 88' lang='lat' dir='ltr'><strong>assu·</strong></span> <span class='ocrx_word' id='word_1_339' title='bbox 1216 3419 1217 3424; x_wconf 73' lang='grc'>,</span> 
     </span>
     <span class='ocr_line' id='line_1_39' title="bbox 153 3447 1217 3529; baseline 0.003 -22"><span class='ocrx_word' id='word_1_340' title='bbox 153 3460 243 3526; x_wconf 91' lang='lat' dir='ltr'><strong>mant,</strong></span> <span class='ocrx_word' id='word_1_341' title='bbox 260 3461 288 3509; x_wconf 89' lang='lat' dir='ltr'><strong>et</strong></span> <span class='ocrx_word' id='word_1_342' title='bbox 301 3451 443 3528; x_wconf 90' lang='lat' dir='ltr'><strong>quomodo</strong></span> <span class='ocrx_word' id='word_1_343' title='bbox 457 3461 607 3528; x_wconf 86' lang='lat' dir='ltr'><strong>curentur,</strong></span> <span class='ocrx_word' id='word_1_344' title='bbox 618 3454 747 3512; x_wconf 88' lang='lat' dir='ltr'><strong>interest.</strong></span> <span class='ocrx_word' id='word_1_345' title='bbox 779 3454 888 3527; x_wconf 82' lang='lat' dir='ltr'><strong>Quibus</strong></span> <span class='ocrx_word' id='word_1_346' title='bbox 897 3453 1054 3529; x_wconf 88' lang='lat' dir='ltr'><strong>juvenibus</strong></span> <span class='ocrx_word' id='word_1_347' title='bbox 1067 3453 1149 3513; x_wconf 73' lang='lat' dir='ltr'><strong>lluxit</strong></span> <span class='ocrx_word' id='word_1_348' title='bbox 1216 3447 1217 3466; x_wconf 56' lang='lat'><em>*</em></span> 
     </span>
    </p>
   </div>
   <div class='ocr_carea' id='block_1_4' title="bbox 0 0 1230 3904">
    <p class='ocr_par' dir='ltr' id='par_1_9' title="bbox 0 0 1230 3904">
     <span class='ocr_line' id='line_1_40' title="bbox 0 0 1230 3904; baseline 0 0"><span class='ocrx_word' id='word_1_349' title='bbox 0 0 1230 3904; x_wconf 95' lang='lat' dir='ltr'><strong> </strong></span> 
     </span>
    </p>
   </div>
  </div>
 </body>
</html>
