2372 3892
166 161 228 228 288
459 175 492 222 a.
510 173 541 222 o.
557 169 660 222 censu
673 169 867 222 usuroorau

165 340 225 409 est,
240 329 453 408 illinendusque
467 317 555 390 rusae
570 327 642 388 flore
660 328 793 403 contrito,
808 326 852 386 cui
865 323 965 402 gallae
981 331 1082 403 quarta
1091 343 1152 404 pars

165 415 300 478 etaltera
321 413 454 489 myrrhae
475 416 512 473 sit
530 412 659 488 adjecta:
693 410 954 486 continendumque
980 426 1034 468 ore
1058 408 1152 468 crebre

165 500 260 559 uinum
277 515 430 560 meracum.
460 497 557 576 Atque
577 497 605 555 in
621 513 658 556 eo
673 512 744 556 casu
757 493 911 554 velandum
934 501 1047 571 caput,
1067 493 1150 552 anou-

166 585 273 644 latione
288 583 389 658 multa,
406 582 539 640 frictione
555 581 676 658 capitia,
699 577 765 638 cibo
787 595 844 636 uon
866 579 925 636 acri
948 577 1088 636 utendum
1105 586 1150 635 εει

166 668 205 727 At
224 669 247 726 si
270 685 307 726 ex
328 669 384 726 ictu
406 664 453 724 vel
475 665 533 725 alio
560 681 628 724 casu
651 662 738 739 aliqui
761 661 858 722 labant
880 660 1164 737 dentequnroeunt

166 753 217 826 iis,
237 752 284 828 qui
303 751 376 810 bene
393 749 523 823 haerent,
540 746 683 807 uinciendi
700 755 778 813 sunt;
796 745 1034 823 continendaque
1054 763 1103 804 ore
1115 763 1150 802 re

167 836 332 914 primentia:
360 842 389 892 ut
404 835 513 909 vinum,
541 832 569 891 in
590 847 647 909 quo
668 830 847 890 malicorium
869 829 1047 904 decoctum,
1069 829 1151 887 autin

167 919 243 998 quod
262 918 341 995 galla
358 917 483 978 candens
500 917 633 990 conjecta
649 915 695 974 sit.
725 915 755 973 Si
772 912 885 991 quando
912 915 1002 973 etiarn
1023 913 1055 970 in
1070 914 1151 990 puer'a

167 1012 233 1062 ante
250 1003 322 1062 alter
335 1001 405 1061 dens
421 1001 562 1075 nascitur,
579 1015 665 1077 quam
680 999 760 1076 prior
776 997 905 1075 excidat,
920 999 963 1073 is,
988 998 1039 1075 qui
1063 997 1151 1056 cadere

167 1086 274 1161 debuit,
290 1084 564 1162 circumpurgandus
581 1092 609 1142 et
622 1082 793 1142 evellendus
807 1091 865 1148 est;
886 1083 926 1158 is,
943 1083 995 1160 qui
1011 1090 1095 1140 natus
1111 1087 1169 1150 astu

167 1171 194 1229 in
210 1170 305 1228 locum
321 1168 425 1245 prioris
440 1168 567 1246 qnotidie
588 1167 678 1242 digito
694 1165 888 1242 adurgendus,
904 1165 1051 1225 donenad
1063 1167 1152 1240 justae

167 1251 388 1328 magnitudinem
409 1253 569 1331 perueniat.
602 1251 848 1328 Quotiescumque
868 1249 955 1310 dente
980 1259 1100 1309 exemto
1121 1265 1153 1306 re

167 1336 217 1396 din
230 1336 332 1395 relicta
347 1344 408 1412 εει,
424 1339 555 1415 protinus
571 1353 606 1395 ea
623 1334 782 1412 quoqnead
798 1334 826 1395 id
843 1333 922 1394 iacto
939 1333 1072 1412 forcipe,
1086 1347 1153 1411 quan

167 1411 324 1500 ριζάγραν
340 1419 445 1480 Graeci
456 1429 572 1496 vocant,
593 1418 743 1478 eximenda
758 1428 812 1478 εει.

230 1505 258 1564 2.
283 1502 428 1564 Tonsillas
449 1514 558 1579 antem,
587 1521 661 1582 quae
683 1512 750 1580 post
771 1502 1015 1562 inflammationes
1036 1499 1168 1560 indumen

168 1598 250 1663 runt,
275 1576 427 1660 ἄντιάὸες
442 1597 535 1650 autern
550 1603 566 1647 a
583 1587 702 1648 Graecis
717 1586 915 1666 appellantur,
934 1601 1025 1664 quum
1042 1583 1153 1644 subieri

168 1675 263 1734 tunica
278 1675 351 1748 sint,
381 1681 500 1751 oportet
516 1672 606 1748 digito
625 1669 837 1731 circumradere
855 1679 884 1730 et
899 1670 1055 1730 evellere:
1090 1671 1112 1728 si
1128 1684 1152 1726 ne

169 1757 339 1835 sicquidem
360 1757 554 1832 resolvuntur,
576 1755 692 1815 hamulo
710 1756 859 1834 excipere,
878 1761 907 1814 et
921 1755 1077 1834 scalpello
1094 1754 1153 1812 enci

169 1841 254 1900 dere:
274 1850 330 1900 turn
344 1856 378 1900 os
394 1850 478 1901 aceto
496 1840 612 1915 eluere,
635 1848 664 1899 et
680 1839 794 1899 illinere
817 1839 920 1899 vulnus
940 1838 1152 1908 medicamenta

170 1941 226 2002 quo
239 1925 356 2000 sanguis
369 1926 562 2004 supprimatur
574 1923 629 2003 (ci.
640 1941 669 2003 p.
681 1924 753 1999 256,
768 1922 786 1982 l.
797 1923 853 1991 32;
867 1933 896 1982 et
907 1923 939 1982 P.
949 1921 1171 2001 leg.vl‚3o).a

233 2007 262 2066 3.
284 2007 348 2069 Uva
366 2009 414 2088 (Ρ.
432 2008 509 2086 Aeg.
528 2007 579 2085 Vl,
596 2008 663 2087 31),
687 2009 711 2068 εἰ
726 2025 789 2068 curn
804 2008 1031 2067 inflammatione
1048 2005 1154 2066 descen

169 2093 224 2168 dit,
242 2092 394 2172 dolorique
410 2102 469 2171 εει,
485 2101 515 2153 ει
529 2092 734 2153 subrubicundi
750 2092 870 2168 eoloris,
889 2092 1024 2171 praecidi
1040 2094 1105 2150 sine
1119 2105 1153 2168 pc

169 2177 260 2238 riculo
277 2193 334 2237 non
349 2185 462 2257 potest:
484 2177 561 2238 solet
583 2178 657 2237 eninr
671 2177 788 2238 multum
806 2178 974 2254 sanguinem
999 2175 1152 2236 effundere:

168 2265 265 2339 itaque
281 2262 382 2322 melius
398 2262 490 2322 estiis
507 2263 561 2337 uti,
579 2279 653 2339 quae
675 2261 746 2322 nlius
769 2264 919 2340 proposita
935 2269 1004 2319 sunt
1020 2259 1092 2338 (Vl,
1107 2258 1151 2333 ll)-

169 2348 200 2405 Si
215 2362 285 2406 vero
306 2346 487 2406 inflammatio
503 2345 617 2424 quidem
636 2346 714 2406 nulla
735 2355 796 2423 εει,
813 2346 997 2404 nihilominus
1016 2354 1114 2404 autem
1130 2349 1170 2397 eat

169 2429 242 2489 ultra
254 2429 362 2503 justum
377 2431 522 2491 moduma
544 2431 643 2510 pituita
661 2429 784 2490 deducta
803 2439 864 2507 est,
888 2440 917 2490 et
939 2431 1057 2505 tenuis,
1075 2433 1152 2495 acuta

169 2511 234 2570 alba
255 2521 316 2588 est,
337 2515 465 2592 praecidi
481 2513 583 2574 debet:
607 2515 748 2592 itemque,
766 2515 792 2573 si
809 2516 879 2589 ima,
896 2512 983 2573 livida
1004 2521 1036 2571 et
1052 2526 1152 2572 creseat

170 2611 276 2653 summa
288 2599 381 2656 tenuis
393 2608 445 2658 εει.
467 2597 570 2677 Neque
581 2599 732 2677 quidquam
747 2598 925 2658 commodius
938 2605 994 2671 est,
1010 2613 1099 2674 quarn
1109 2589 1153 2651 nul·

170 2678 242 2738 sella
258 2678 455 2756 prehendere,
472 2682 525 2741 sub
540 2699 649 2764 eaque,
671 2683 748 2760 quod
764 2684 911 2758 volumus,
927 2680 1084 2740 excidere.
1111 2675 1152 2736 lle

170 2776 226 2841 qne
238 2763 312 2822 enirn
328 2763 413 2823 ullum
433 2766 590 2843 perieulum
602 2775 660 2844 εει,
680 2785 716 2825 ne
733 2766 944 2845 plusminusve
963 2763 1171 2842 praecidentes

171 2865 255 2928 quum
267 2848 353 2908 liceat
369 2858 474 2909 tanturn
490 2851 562 2910 infra
581 2850 731 2910 volsellam
747 2851 929 2929 relinquere,
953 2859 1095 2926 quantum
1107 2847 1150 2903 iut-
1183 2887 1184 2908 r

169 2934 219 2994 tile
239 2951 304 2993 εεεε
322 2933 571 3002 manifestumne
589 2934 674 3013 idque
691 2933 878 3013 praecidere,
901 2950 958 3012 quo
975 2933 1150 3010 longiorum
1183 2929 1184 2960 ³

170 3027 234 3094 εει,
258 3035 342 3096 quum
366 3037 433 3080 esse
454 3019 622 3079 naturaliter
642 3019 739 3079 debet.
773 3019 843 3079 Post
863 3019 1045 3078 curationem
1068 3013 1148 3076 eaden

170 3099 300 3160 facienda
317 3113 398 3181 sunt,
415 3121 489 3182 qnae
506 3104 534 3161 in
549 3103 671 3162 tonsillis
689 3105 821 3182 proxime
839 3103 922 3180 posui
939 3101 978 3178 (ᾗ
994 3099 1044 3179 2).

231 3186 259 3240 4.
282 3183 390 3261 Lingua
412 3204 483 3247 vero
503 3185 671 3265 quibusdam
692 3203 754 3246 cunr
778 3186 907 3261 subjecta
929 3194 1012 3264 parte
1037 3183 1167 3262 aprinos

171 3262 258 3323 natali
273 3265 429 3340 disjuncta
445 3281 503 3338 est;
522 3273 568 3348 qui
586 3269 623 3330 ob
642 3269 670 3331 id
687 3287 723 3330 ne
740 3270 819 3348 loqui
841 3270 954 3348 quidem
976 3275 1100 3348 possunt
1112 3259 1147 3341 (l-

172 3347 247 3422 Aeg·
267 3347 318 3423 Vl,
335 3351 401 3424 29).
431 3352 539 3412 llorum
556 3363 684 3413 extrema
701 3355 798 3430 lingua
814 3353 936 3412 vulsella
955 3345 1147 3432 prehendendt

173 3437 231 3496 ιιῑι
252 3427 304 3486 tob
321 3448 412 3506 euque
428 3434 591 3494 membrana
606 3437 772 3497 incidenda:
789 3455 892 3516 magna
909 3453 977 3497 cura
994 3435 1107 3510 habita,
1121 3443 1146 3488 nt
