2372 3892
138 187 200 249 254
429 199 463 248 a.
479 197 837 250 o.ouns1ssstnrcmsn

199 355 229 415 2.
258 353 350 432 lgitur
370 353 395 414 si
415 371 453 414 ex
473 353 693 414 inflammatione
710 353 793 413 coles
807 353 955 428 intumuit,
981 350 1151 428 reducique

139 455 247 498 summa
263 439 352 513 cutis,
373 447 420 497 aut
434 455 532 497 rursus
542 436 638 497 induci
651 455 708 498 noo
721 446 833 516 potest,
850 437 940 497 multa
954 435 1150 512 calidaeque

138 521 280 582 fovendus
295 522 378 582 locus
393 531 447 580 est.
482 521 538 582 Ubi
553 538 625 582 vero
644 521 728 598 glans
746 528 961 594 communest,
981 519 1149 579 oriculario

61 647 71 668 .
139 621 254 685 quoque
278 605 405 680 clystere
429 607 504 665 iuter
525 623 588 665 eam
613 615 764 683 cutemque
780 622 852 682 aqua
870 603 968 672 calida
985 602 1148 662 insercuit

139 698 193 748 est.
229 689 259 750 Si
281 689 389 750 mollita
411 691 454 748 sic
473 698 503 750 et
520 698 673 749 extenuata
690 691 761 748 cutis
776 687 890 748 ducenti
906 689 1034 764 paruit,
1064 704 1161 764 expes

138 771 225 833 ditior
242 773 352 852 reliqua
369 773 478 832 curatio
495 783 554 832 est:
579 775 602 832 si
621 782 714 832 tumor
728 773 812 846 vicit,
834 770 1021 849 imponenda
1043 779 1094 830 est
1107 769 1147 828 vel

138 856 289 933 lenticula,
309 855 355 914 vel
371 855 556 934 marrubium,
573 855 620 915 vel
637 856 721 916 oleae
738 855 807 916 lolia
823 874 859 914 ex
874 856 944 914 vino
962 864 1082 928 cocta,
1102 855 1146 928 sic,

138 950 167 999 ut
193 939 309 1000 cuilibet
333 956 448 1016 eorum,
478 941 542 1000 dum
566 941 684 1013 teritur,
712 939 806 999 mellis
829 937 946 1016 paulum
970 938 1146 1013 adjiciatur:

138 1041 308 1100 sursumque
330 1023 409 1082 coles
432 1022 467 1083 ad
486 1033 615 1084 ventrem
635 1022 806 1100 deligandus
828 1031 887 1098 est,
912 1021 1001 1100 qnod
1027 1024 1063 1080 in
1080 1021 1147 1080 omni

138 1107 286 1166 curatione
309 1107 371 1182 ejus
393 1109 590 1167 necessarium
614 1115 668 1166 est.
701 1107 789 1184 Isque
811 1106 1094 1165 homo-continere
1110 1124 1166 1178 seps

138 1198 165 1248 et
187 1187 333 1248 abstinere
355 1207 371 1248 a
396 1189 461 1249 cibo
482 1190 586 1266 debet,
608 1200 637 1250 et
658 1191 776 1268 potione
798 1207 890 1267 aquae
913 1197 1037 1250 tautum
1065 1209 1083 1250 a
1108 1189 1145 1246 siti

137 1271 285 1332 vindicari.
323 1272 444 1333 Postero
470 1273 515 1334 dic
531 1292 630 1334 rursus
646 1273 837 1335 abhibendum
855 1272 959 1332 iisdem
977 1271 1145 1334 rationibus

137 1372 230 1432 aquae
251 1355 405 1415 lomentum
432 1367 493 1434 est,
519 1367 633 1418 etcum
656 1360 684 1417 vi
705 1376 820 1436 quoque
839 1358 1090 1435 experiendum,
1117 1374 1146 1416 an

137 1441 211 1500 cutis
232 1450 382 1518 sequatur:
404 1459 512 1520 eaque,
536 1443 560 1500 si
578 1459 635 1501 nou
651 1442 779 1522 parebit,
807 1442 910 1502 leuiter
933 1460 1061 1504 summa
1078 1439 1145 1501 scal·

137 1523 217 1602 pello
242 1525 419 1586 concidenda
439 1527 509 1584 erit:
531 1543 594 1585 uam
611 1542 696 1604 quum
718 1527 814 1585 sanies
837 1524 1041 1603 profluxerit,
1070 1534 1163 1586 exte-u

136 1607 266 1667 nuabitur
283 1609 307 1667 is
323 1608 424 1685 locus,
448 1618 476 1668 et
491 1609 605 1669 lucilius
623 1611 696 1670 cutis
711 1610 840 1669 ducetur.
878 1610 947 1668 Sive
964 1619 1079 1668 autem
1095 1609 1143 1667 buc

135 1690 221 1748 modo
241 1694 317 1750 victa
334 1694 406 1769 erit,
428 1694 489 1752 sire
504 1711 656 1771 numquam
672 1695 893 1771 repugnaverit,
920 1693 1037 1754 ulcera
1055 1693 1107 1753 vel
1121 1694 1143 1751 in

136 1775 207 1832 cutis
229 1773 366 1834 ulteriore
389 1786 486 1855 parte,
516 1777 564 1837 vel
587 1779 614 1835 iu
640 1777 762 1854 glande,
791 1777 902 1836 ultrave
924 1794 993 1836 eam
1020 1780 1055 1836 in
1084 1775 1143 1837 cole

135 1857 334 1932 reperientur:
357 1877 430 1936 quae
453 1878 577 1920 necesse
600 1869 644 1920 est
665 1871 713 1920 ιιι
734 1861 964 1939 purasiccaque
986 1863 1075 1936 sint,
1103 1868 1143 1924 aut

134 1938 247 1999 humida
273 1950 302 2001 et
329 1945 491 2021 purulenta.
535 1945 566 2004 si
591 1946 669 2004 sicca
691 1953 769 2020 sunt,
798 1946 916 2023 primum
939 1963 1025 2022 aqua
1054 1943 1164 2006 editus

134 2023 260 2084 fovenda
284 2036 363 2096 suut:
389 2027 493 2089 deinde
515 2028 716 2106 imponendum
738 2028 842 2102 lycium
860 2046 896 2088 ex
911 2029 979 2088 vino
1001 2040 1077 2104 est,
1101 2035 1142 2090 aut

134 2125 248 2168 amurca
271 2121 355 2170 cocta
375 2129 439 2171 cunr
460 2111 578 2187 eodem,
604 2122 652 2172 aut
668 2131 731 2172 cum
745 2129 813 2173 rosa
831 2112 971 2186 butyrum.
1015 2115 1054 2174 Si
1071 2115 1140 2174 leuis

133 2191 168 2250 iis
190 2191 291 2252 humor
315 2196 407 2272 inest,
436 2197 503 2254 vino
525 2195 647 2256 eluenda
669 2206 748 2256 sunt:
782 2206 839 2254 tum
860 2195 965 2271 butyro
994 2206 1031 2256 et
1058 2215 1140 2258 rosas

132 2275 226 2335 mellis
250 2278 381 2355 paulurn,
413 2287 442 2338 et
463 2281 576 2339 resinae
602 2278 811 2340 terebinthinae
837 2297 904 2358 pars
929 2291 1044 2358 quarta
1075 2281 1139 2356 adii·

135 2359 235 2420 cienda
258 2370 319 2437 est,
343 2378 438 2440 eoque
459 2363 604 2423 utendum.
639 2363 678 2425 At
692 2365 785 2442 sirpus
802 2382 839 2422 ex
855 2365 888 2422 iis
903 2363 1052 2444 profluit,
1079 2374 1161 2424 antes

133 2446 224 2502 omnia
242 2439 299 2504 elui
313 2446 406 2506 mulso
422 2447 516 2507 calido
532 2446 653 2507 debent:
677 2456 734 2507 tum
747 2449 854 2525 imponi
867 2449 976 2527 piperis
995 2467 1032 2527 p.
1044 2451 1105 2528 )-(.
1121 2462 1138 2507 1.

132 2525 266 2598 myrrhae
290 2546 319 2604 p.
335 2529 391 2607 )-(.
408 2543 433 2594 1.
451 2533 547 2607 croci,
570 2533 644 2606 misy
661 2533 754 2606 cocti,
779 2530 955 2608 singulorum
971 2549 1003 2609 p.
1024 2535 1137 2611 )-(.11.

133 2624 206 2684 quiae
226 2627 263 2667 ex
278 2612 344 2669 vinu
362 2623 478 2674 austero
495 2624 669 2692 coquuntur,
685 2615 780 2675 donec
795 2616 887 2675 mellis
904 2616 1137 2676 crassitudinem

131 2689 264 2750 habeant.
303 2693 412 2756 Eadem
434 2707 526 2758 antem
544 2700 717 2776 compositio
732 2699 872 2772 tonsillis,
899 2716 973 2758 uvae
989 2701 1136 2776 madenti,

132 2776 189 2834 uris
207 2779 371 2855 nariumque
389 2779 532 2842 ulceribus
549 2783 765 2842 accommodata
781 2792 836 2842 est.
855 2779 941 2843 Aliud
957 2783 991 2842 ad
1010 2785 1161 2844 eademsu
1182 2829 1184 2868 ,

131 2860 243 2938 piperis
260 2862 352 2941 p.)-(.
363 2881 387 2920 z.
402 2865 533 2938 myrrhae
545 2866 672 2944 p.)·(.u.
686 2868 764 2926 croci
780 2886 809 2944 p.
822 2867 877 2946 )-(.
892 2886 906 2926 ι
920 2886 944 2925 ι.
958 2867 1043 2942 misy
1059 2869 1135 2928 cocti
1182 2869 1183 2922 Ξ

131 2945 340 3023 p.)·(.1.aeris
352 2948 493 3009 combusti
506 2967 533 3026 p.
544 2949 600 3027 )-(.
609 2963 644 3008 ιι.
659 2968 732 3027 qnae
745 2952 865 3029 primum
877 2969 914 3010 ex
925 2949 993 3008 vino
1009 2961 1133 3012 austero

130 3037 330 3100 conteruntur;
347 3031 461 3106 deiude,
480 3033 529 3092 ubi
544 3035 718 3109 inaruerunt,
734 3035 836 3092 iterum
854 3041 982 3094 teruntur
993 3052 1039 3094 ex
1053 3036 1133 3113 passi
1182 3087 1183 3096 ,

128 3109 219 3170 tribus
232 3115 352 3188 cyathis,
367 3125 396 3175 et
408 3119 610 3193 incoquuntur‚
624 3115 717 3176 donec
730 3119 803 3176 visci
810 3117 1033 3178 crassitudinem
1043 3119 1131 3178 habe·

76 3225 80 3232 ·
129 3200 184 3250 ιιι.
207 3194 326 3272 Aerugo
344 3217 458 3277 quoque
477 3217 540 3259 curu
562 3209 647 3260 cocto
669 3201 772 3275 melle,
796 3211 825 3260 et
845 3220 895 3278 ea,
914 3219 988 3288 quae
1007 3203 1048 3262 ad
1071 3203 1159 3262 orisa

128 3279 226 3335 ulcera
249 3296 334 3354 supra
362 3283 571 3361 comprehensa
594 3290 673 3354 suut,·
701 3294 749 3344 aut
778 3283 945 3345 Erasistrati
966 3288 1130 3364 composi-

127 3360 182 3432 tio,
202 3368 249 3419 ιιι
267 3359 399 3423 Crutouis
419 3376 498 3426 recte
520 3385 608 3446 super
630 3367 779 3445 purulenta
796 3368 935 3428 naturalia
956 3370 1127 3447 imponitur.

126 3442 219 3502 Folia
233 3463 349 3523 quoque
374 3448 458 3508 oleae
482 3467 519 3508 ex
541 3468 644 3510 novem
668 3451 779 3525 cyathis
798 3453 857 3512 riui
874 3462 1058 3531 coquuntur;
1081 3455 1128 3514 bis
