2372 3892
169 167 230 232 320
461 181 495 228 ε.
511 178 541 230 c.
560 177 659 228 cnnsr
673 177 867 230 uramentum

169 335 284 415 paulum
299 351 386 415 supra
401 342 454 412 est,
470 351 554 413 quam
569 332 617 394 nlsi
631 351 696 394 eum
710 351 766 394 ano
783 333 978 396 committitur:
991 331 1138 412 imponenda
1169 369 1170 400 1

170 419 292 498 spongia
309 437 346 478 er
362 435 436 496 aqua
451 417 544 478 calida
562 426 623 493 εει,
638 416 733 476 donec
750 417 778 478 id
793 417 896 478 liveat:
922 415 1027 478 deinde
1048 425 1138 476 actm

168 520 238 580 que,
257 510 304 562 aut
319 501 463 581 scalpello
478 519 565 581 supra
580 500 685 560 nodum
699 497 728 560 id
746 500 971 562 exulcerandum
985 509 1040 560 εει.
1075 498 1138 575 Quod

168 586 222 646 niai
238 585 419 661 factumest,
435 586 532 662 magni
546 583 666 644 dolores
679 583 907 664 subsequentum
925 585 1065 644 interdum
1075 584 1138 642 etian

168 671 267 730 uncae
293 668 458 730 difficultas.
487 669 519 728 Si
539 667 568 728 id
586 668 678 743 majus
700 676 761 742 εει,
782 676 812 728 ει
833 668 911 729 basis
925 667 1032 744 latior,
1048 665 1150 727 hanun

168 769 225 812 uno
241 761 288 814 aut
301 752 393 812 altero
409 751 611 830 excipiendum
624 760 687 828 cst,
711 751 884 830 paulumque
906 769 996 830 supra
1015 751 1098 812 basim
1110 752 1137 808 iu·

169 836 336 897 cidendnm:
352 853 447 915 neque
462 828 680 913 relinquendum
693 834 845 913 quidquam
857 853 895 895 er
906 852 943 895 eo
955 835 1089 914 capitulo,
1102 850 1136 892 ne-

168 937 225 998 quc
247 919 399 998 quidquam
421 937 458 980 ex
478 934 533 978 ano
549 917 719 980 demendum
741 927 800 988 eat;
823 918 900 997 quod
921 917 1137 995 consequituris,

169 1005 217 1081 qui
233 1021 326 1081 neque
343 1002 474 1084 nimium,
492 1019 586 1079 neque
601 1019 701 1079 parum
717 1000 818 1062 hamos
839 1002 925 1062 ducit.
955 1001 1022 1076 Qua
1042 1003 1137 1062 incisum

168 1094 228 1161 est,
243 1103 313 1145 acus
329 1085 416 1145 debat
431 1086 551 1161 immitti,
569 1085 700 1163 inlraquc
718 1103 779 1144 eam
804 1085 863 1146 lino
883 1086 912 1146 id
926 1085 1080 1163 capitulum
1093 1083 1155 1144 alli-o

168 1169 240 1245 gari.
269 1169 299 1228 Si
317 1167 373 1228 duo
395 1169 486 1228 triave
507 1176 586 1244 aunt,
604 1170 687 1228 imum
707 1165 842 1246 quodque
862 1171 982 1248 primum
1008 1167 1138 1230 curandum

169 1261 230 1310 est:
261 1251 286 1310 si
303 1252 400 1332 plura,
417 1269 473 1312 nou
491 1252 583 1312 omnia
599 1251 699 1321 simul;
720 1269 757 1311 ne
769 1261 901 1329 tompore
918 1252 1027 1314 eodem
1038 1250 1137 1328 undique

168 1343 287 1395 tenerae
313 1336 466 1396 cicatrices
485 1337 551 1395 sint.
582 1336 613 1396 Si
631 1336 749 1411 sanguis
766 1336 891 1416 produit,
908 1336 1097 1414 excipiendus
1108 1341 1137 1393 est

168 1420 307 1499 spongia:
329 1417 433 1480 deinde
451 1417 631 1480 linamentum
650 1418 867 1498 imponendum,
889 1421 1025 1498 ungenda
1047 1419 1136 1492 lemim,
1169 1435 1170 1464 2

169 1513 198 1564 et
214 1505 344 1581 inguina,
372 1514 401 1564 et
420 1502 555 1582 quidquid
572 1503 655 1577 jnrta
671 1502 753 1562 ulcus
768 1512 828 1579 εει,
851 1514 1038 1582 ceratumque
1057 1495 1170 1581 eupenul

167 1587 306 1664 dandum,
329 1596 358 1648 ct
380 1587 470 1648 farina
493 1586 656 1646 hordeacea
679 1585 770 1646 calida
787 1587 947 1665 implendus
960 1589 986 1647 is
1006 1589 1101 1660 locus,
1118 1591 1136 1643 et

167 1673 209 1732 sic
230 1670 399 1748 deligandus
424 1678 478 1729 εει.
510 1669 632 1730 Postero
656 1669 702 1730 die
723 1673 748 1730 is
769 1671 902 1732 desidere
923 1672 950 1732 iu
968 1689 1046 1749 aqua
1067 1668 1135 1730 calida

168 1753 270 1829 debet,
287 1754 447 1832 eodemque
463 1753 669 1833 cataplasmate
683 1753 788 1814 foveri.
826 1754 870 1814 Ac
887 1755 930 1815 bis
945 1754 1012 1831 die,
1041 1764 1069 1815 et
1090 1761 1135 1832 ante

169 1838 358 1914 curationem,
382 1847 411 1897 et
433 1845 500 1915 post
520 1854 598 1911 eam,
616 1837 793 1900 coxendices
814 1855 849 1900 ac
863 1839 968 1899 iemina
983 1838 1090 1916 liquido
1103 1853 1133 1895 ue

167 1929 231 1980 rato
246 1920 433 1998 perungenda
448 1929 528 1989 sunt;
544 1919 701 1999 tepidoque
718 1923 743 1980 is
756 1922 823 1982 loco
839 1922 1039 1986 continendus.
1067 1921 1150 1982 lauru
1169 1913 1170 1930 ¹

169 2005 271 2082 positis
287 2007 410 2082 quinque
426 2013 473 2064 aut
488 2021 542 2064 sex
556 2003 666 2081 diebus,
685 2005 839 2066 oriculario
861 2006 986 2086 specillo
1005 2007 1133 2067 linamenta

168 2085 331 2157 educenda;
358 2089 383 2148 ei
401 2087 525 2166 capitula
540 2087 623 2148 simul
645 2106 702 2148 non
718 2089 904 2167 exciderunt,
930 2090 1024 2166 digito
1043 2103 1133 2168 promo

167 2171 272 2232 venda:
288 2181 346 2232 tum
358 2171 471 2232 lenibus
485 2170 708 2248 medicamentis,
725 2171 901 2252 iisdemque,
924 2191 998 2252 quae
1017 2173 1083 2233 alibi
1099 2187 1133 2250 po

167 2255 212 2314 sui
228 2255 278 2334 (νς
296 2256 431 2333 passim),
446 2254 546 2314 ulcera
562 2255 598 2315 ad
614 2258 761 2317 sanitatem
778 2257 972 2335 perducenda.
1003 2257 1093 2318 Finito
1106 2254 1132 2312 ri·

166 2337 223 2414 tio,
244 2337 478 2416 quemadmodum
495 2340 636 2415 agendum
652 2349 748 2415 esset,
759 2342 819 2416 jam
834 2340 905 2402 aliae
921 2343 1055 2421 exposui.
1136 2356 1149 2395 ι

482 2575 662 2636 CAPUT
694 2575 849 2637 XXXI.

568 2689 605 2738 De
621 2689 752 2740 varicibua.

226 2834 273 2896 Ab
282 2835 326 2895 hie
339 2834 375 2896 ud
389 2854 472 2898 crura
483 2842 630 2917 proximus
643 2841 778 2902 transitus
792 2851 849 2909 est;
862 2839 1000 2919 inquibus
1013 2839 1066 2899 orti
1076 2837 1130 2896 nari·

166 2938 215 2980 ces
227 2939 285 2980 non
297 2920 405 2980 dillncili
420 2924 531 2982 ratione
543 2924 690 2984 tolluntur.
709 2925 772 2986 lluc
785 2934 879 2986 autem
906 2933 936 2984 et
958 2943 1054 2984 earum
1069 2933 1132 2980 venu-

163 3022 235 3078 rum,
257 3005 369 3082 quaein
385 3007 480 3082 capite
495 3016 614 3072 nocent:
635 3017 663 3068 ει
681 3001 781 3069 edrurn
793 3011 934 3084 varicmu,
950 3009 1035 3086 quiin
1049 3007 1146 3064 vernet

165 3088 247 3165 (cap.
258 3089 311 3166 17)
321 3097 396 3166 sumt,
412 3091 588 3172 curationem
600 3090 709 3152 distuli:
724 3094 856 3170 quoniam
868 3091 974 3171 ubique
986 3091 1080 3150 eadem
1090 3092 1128 3144 est.

164 3167 256 3243 Igitur
275 3188 348 3230 vena
365 3176 466 3247 omnis,
488 3191 561 3251 quae
581 3176 668 3234 noxia
689 3183 746 3252 εει,
770 3184 818 3236 εει
833 3175 933 3236 adusta
946 3175 1079 3248 tabescit,
1094 3174 1127 3227 ant

165 3269 247 3310 manu
264 3254 405 3312 eximitur.
436 3258 466 3315 Si
481 3267 577 3324 recta:
593 3259 628 3334 ei,
646 3261 773 3335 quamvis
788 3268 961 3335 transversa,
976 3267 1066 3316 tamen
1080 3255 1127 3312 siu·

167 3334 251 3411 plen
269 3337 292 3392 si
308 3336 419 3395 modica
438 3349 493 3412 est,
510 3341 610 3400 melius
627 3341 762 3404 aduritur.
796 3343 826 3402 Si
843 3361 930 3402 curua
947 3351 1005 3420 est,
1021 3350 1048 3400 et
1069 3336 1128 3396 uelut

165 3416 192 3474 in
209 3414 297 3475 orbes
313 3418 449 3493 quosdam
467 3420 635 3501 implicatur,
648 3425 804 3504 pluresque
818 3429 892 3487 inter
908 3445 941 3488 se
956 3424 1144 3490 involvuntur,s
