2444 3904
450 254 518 299 uss.
534 255 556 300 1.
574 253 648 302 cue.
661 257 711 304 111.
1032 243 1069 304 21

78 404 176 479 alvus,
201 403 368 482 plerumque
389 409 416 465 iu
438 418 587 468 senectute
610 409 800 468 contrahitur:
829 411 930 488 quibus
955 414 981 469 in
1005 411 1071 470 ado-

78 488 222 546 lescentia
239 488 291 546 init
307 489 458 564 adstricta,
475 510 565 570 saepe
579 495 606 550 in
622 501 771 551 senectute
786 495 905 552 solvitur
924 491 1072 572 (Apicii,

78 572 146 648 20).
180 571 286 630 Melior
302 583 346 631 est
364 576 498 633 antemio
514 577 622 650 juvene
646 577 752 651 fusior,
775 577 802 634 iu
822 595 892 636 sene
908 579 1072 637 adstrictior

79 656 134 732 (ci.
151 652 232 731 Apu.
249 654 291 731 11,
309 655 375 734 53).
801 650 803 656 ’

56 762 68 800 s
143 738 271 816 Tempus
292 757 407 818 quoquc
427 743 491 801 anni
516 742 700 802 considerare
727 751 853 820 oportet.
891 741 991 801 Hieme
1008 744 1071 820 plus

76 841 144 882 esse
166 825 303 882 convenit
327 821 421 902 (Apis.
438 824 467 900 Ι,
494 827 546 892 15;
570 827 607 886 ci.
635 825 702 904 18);
725 828 833 905 miuus,
858 826 909 885 sed
932 831 1072 886 meracius

75 906 195 974 bibere;
217 907 307 967 multo
324 911 468 986 pauenti,
491 927 578 969 carne
594 913 688 989 potius
707 928 788 984 assa,
813 910 925 968 modice
943 909 1071 968 oleribus

76 991 132 1068 (cl.
149 990 236 1068 Hipp.
255 989 304 1050 De
322 992 425 1052 diaeta
442 992 564 1054 colubri
580 992 601 1067 §
618 995 650 1072 1)
669 993 759 1053 semel
775 992 820 1052 die
839 992 932 1052 cibum
953 1011 1071 1072 capere,

77 1076 170 1133 nisisi
185 1075 268 1134 nimis
286 1085 388 1134 venter
404 1078 558 1138 adstrictus
573 1087 629 1136 est.
658 1078 688 1135 Si
705 1077 826 1156 prandet
841 1076 960 1154 aliquis,
977 1079 1070 1136 utilius

48 1167 128 1218 mest
143 1161 274 1235 exiguum
290 1160 414 1238 aliquid,
438 1171 467 1220 et
485 1163 577 1239 ipsum
601 1163 707 1220 siccum
730 1163 793 1221 sine
817 1179 919 1236 carue⁷
943 1163 1003 1222 sine
1020 1180 1071 1240 po-

79 1245 155 1302 tione
168 1261 293 1302 sumere.
327 1244 371 1304 llo
389 1254 520 1323 tempore
537 1247 600 1304 anni
621 1245 722 1304 calidis
737 1245 867 1305 omnibus
882 1246 977 1324 potius
992 1255 1071 1304 uten-

75 1327 225 1403 domest,
249 1326 298 1386 vel
325 1329 451 1397 calorem
476 1326 666 1390 moventibus.
705 1330 803 1389 Venus
825 1338 883 1388 tum
903 1348 959 1388 non
981 1347 1073 1408 aeque

7 1413 9 1432 '
75 1412 243 1488 perniciosa
256 1421 310 1470 cst.
342 1413 380 1472 At
391 1432 461 1472 vere
475 1414 588 1492 paulum
600 1413 666 1472 cibo
679 1413 857 1490 demendum,
871 1414 1072 1488 adjiciendum·

75 1513 131 1572 que
156 1497 285 1572 potioni,
308 1496 360 1556 sed
380 1497 493 1557 dilutius
514 1507 608 1556 tamen
627 1496 779 1556 hibendum
796 1507 855 1578 est;
877 1499 967 1573 magis
986 1515 1072 1556 carne

43 1577 226 1652 tentandum,
248 1583 338 1656 magis
356 1582 499 1649 oleribns;
521 1581 723 1641 transeundum
741 1580 875 1659 paulatim
890 1581 925 1640 ab
941 1583 1015 1640 assis
1036 1580 1072 1640 ad

76 1661 160 1722 elixa.
191 1663 291 1722 Venus
306 1683 343 1724 eo
355 1674 487 1743 tempore
504 1667 567 1724 anni
583 1666 721 1725 tutissima
737 1674 790 1724 est.
815 1664 936 1724 Aestate
952 1682 1023 1724 vero
1043 1673 1072 1724 et

74 1748 196 1824 potione
217 1755 246 1806 et
262 1747 328 1806 cibo
344 1751 460 1826 saepius
482 1766 588 1828 corpus
606 1758 690 1824 eget;
707 1749 774 1808 ideo
795 1748 936 1826 prandere
956 1766 1071 1828 quoque

73 1830 256 1890 commodum
274 1839 328 1890 est.
364 1831 407 1890 Eo
428 1841 558 1910 tempore
577 1835 723 1911 aptissima
738 1842 803 1892 sunt
818 1841 846 1892 et
862 1849 929 1892 caro
948 1843 976 1891 et
992 1832 1070 1898 olus;

73 1917 155 1991 potio
177 1931 262 1992 quam
279 1914 461 1992 citatissima,
480 1926 510 1976 ut
527 1927 556 1976 et
571 1919 645 1976 sitim
663 1917 763 1989 tollat,
781 1934 836 1975 neo
852 1933 957 1994 corpus
974 1918 1071 1976 incen-

41 2016 64 2056 so
75 1997 137 2066 dat;
160 1996 266 2073 frigida
282 1999 403 2075 lavatio,
420 2018 488 2060 caro
505 2000 601 2076 elixa,
621 2001 716 2076 irigidi
735 1999 807 2076 cibi,
824 2000 870 2058 vel
887 2003 934 2078 qui
949 2000 1071 2075 reirigc·

72 2091 147 2140 rent.
191 2081 228 2141 Ut
244 2084 360 2161 saepius
380 2094 473 2145 autem
492 2086 557 2144 cibo
580 2084 729 2158 utendum,
747 2085 789 2143 sic
806 2085 912 2160 exiguo
929 2093 983 2144 est.
1016 2082 1072 2142 Per

71 2174 237 2224 autumnum
257 2184 347 2243 vero,
368 2178 490 2247 propter
509 2166 585 2226 ooeli
604 2168 787 2242 varietatem,
809 2167 969 2244 periculum
983 2168 1071 2226 maxi-

71 2267 147 2309 mum
164 2258 208 2308 cst
231 2249 285 2327 (ci.
302 2248 381 2328 Aple.
399 2251 453 2325 ΙΙΙ,
472 2253 518 2330 4).
553 2250 654 2328 ltaque
667 2269 762 2328 neque
777 2251 839 2309 sine
854 2260 952 2325 veste,
977 2267 1071 2326 neque

74 2335 138 2390 sine
158 2333 362 2394 calceameutis
380 2335 497 2415 prodire
518 2343 650 2414 oportet,
672 2336 888 2412 praecipueque
909 2332 1009 2392 diebus
1022 2334 1070 2392 iri-

44 2417 250 2493 asgidiorihus‚
275 2435 370 2496 neque
393 2419 446 2478 sub
468 2420 634 2478 divonoctu
657 2419 798 2494 dormire,
825 2427 872 2477 aut
895 2427 974 2476 certe
995 2416 1071 2478 bene

76 2501 193 2578 operiri.
230 2499 303 2562 Gibo
319 2521 390 2563 vero
407 2506 467 2579 J'am
482 2503 569 2583 paulo
586 2501 718 2580 pleniore
734 2503 773 2560 uti
789 2502 871 2570 licet;
888 2503 994 2578 minus,
1019 2501 1071 2560 sed

48 2586 215 2650 xmeracius
231 2585 343 2645 hibere.
382 2587 469 2648 Poma
487 2605 595 2646 nocere
614 2586 726 2664 quidam
742 2595 857 2663 putant,
878 2603 951 2662 quae
972 2587 1070 2646 immo-

70 2669 136 2728 dice
153 2677 216 2728 toto
228 2669 274 2729 die
291 2670 458 2749 plerumque
474 2663 516 2730 sic
532 2679 728 2744 assumuntur,
746 2688 783 2728 ne
799 2669 865 2747 quid
881 2688 918 2728 ex
935 2670 1070 2734 densiore

70 2752 138 2812 cibo
155 2756 330 2813 remittatur:
351 2757 388 2814 ita
404 2774 461 2815 non
478 2755 565 2829 haec,
589 2755 641 2813 sed
660 2755 863 2812 consummatio
881 2757 1002 2814 omnium
1020 2771 1069 2812 no·

36 2846 130 2896 sooet.
165 2837 212 2896 Ex
235 2837 336 2914 quibus
359 2840 388 2898 in
410 2838 489 2898 nullo
509 2833 603 2897 tar'nen
624 2840 732 2908 minus,
756 2855 838 2916 quam
859 2837 887 2895 in
910 2838 953 2896 his
976 2855 1070 2896 noxae

70 2929 126 2980 est.
151 2921 210 2980 Sed
222 2921 266 2980 his
277 2923 315 2980 uti
328 2940 384 2981 nou
396 2925 527 3000 saepius,
546 2941 628 3001 quarn
645 2922 702 2980 alio
717 2920 799 2995 cibo,
815 2923 959 2979 convenit.
981 2920 1069 2978 Deni-

69 3023 128 3083 que
140 3005 249 3083 aliquid
264 3005 390 3065 densiori
409 3006 489 3082 cibo,
507 3023 591 3084 quum
603 3007 649 3066 hic
663 3005 794 3078 accedit,
815 3007 1009 3062 necessarium
1026 3013 1069 3062 est

69 3088 156 3148 demi.
191 3088 293 3165 Neque
309 3099 420 3150 aestate
440 3108 528 3165 vero,
551 3108 647 3168 neque
663 3097 794 3159 autumno
808 3087 883 3146 utilis
899 3107 989 3148 venus
1007 3097 1068 3146 est:

68 3171 255 3232 tolerabilior
276 3181 370 3233 tamen
393 3192 446 3251 per
462 3183 635 3243 autumnum;
659 3181 768 3232 aestate
790 3171 818 3230 in
838 3180 942 3247 totum,
968 3173 992 3232 si
1006 3171 1068 3231 lieri

36 3265 185 3334 sspotest‚
204 3255 401 3332 abstinendum
416 3267 469 3318 est.
