2392 3906
379 199 447 246 uru.
461 199 511 248 111.
528 197 604 246 cnr.
620 197 691 244 xix.
903 202 914 230 ι
949 181 1033 252 .,103

52 355 203 432 phrenetici
218 361 376 414 transeunt:
393 345 535 430 siqiridem
549 369 629 412 mens
642 353 671 410 in
685 351 741 410 illis
752 351 839 427 labat,
857 351 884 410 in
896 349 952 411 hoo
966 367 1034 410 con-

23 473 24 476 =
51 445 113 496 stat.
142 437 174 496 ld
192 445 283 496 autem
299 435 367 496 nihil
388 435 467 505 aliud
480 444 540 510 est,
566 453 650 514 quam
672 436 759 494 nimia·
776 435 955 496 imbecillitas
971 451 1034 494 cor·

24 521 27 528 ’
50 521 142 598 pgris,
159 520 236 599 quod
252 519 400 580 stomacho
415 520 581 596 languente,
597 519 748 580 immodico
765 519 870 579 sudore
886 519 1034 596 digeritur.

48 604 182 682 licetque
197 605 420 682 protinusscire
432 603 459 662 id
470 619 548 678 esse,
567 601 615 662 ubi
626 621 761 662 venarum
773 604 871 678 exigui
884 601 1034 662 imbecilli·

28 705 102 766 eque
119 688 216 765 pulsus
230 697 308 756 sunt;
325 687 412 748 sudor
426 696 519 756 autem
534 705 619 765 supra
635 686 879 762 consuetudinem,
895 695 924 745 et
938 686 1034 758 modo,

49 781 77 835 et
90 781 231 850 tempore,
248 789 285 831 ex
300 780 361 830 toto
379 772 498 831 thorace
512 780 540 830 et
552 770 726 846 ceruicibus,
744 780 828 850 atque
842 771 926 830 etiam
942 771 1037 846 capite

50 857 215 934 prorumpit,
233 854 353 934 pedibus
369 855 559 916 tantummodo
577 864 605 914 et
620 854 748 915 cruribus
765 853 936 914 siccioribus
951 861 1036 930 atque

47 939 225 1016 frigentibus.
254 939 396 1018 Acutique
410 939 439 1000 id
454 939 545 1000 morbi
562 957 654 1016 genus
667 949 719 998 est.
750 937 864 998 Curatio
877 938 967 1016 prima
983 944 1037 1010 est,

49 1041 133 1100 supra
154 1023 324 1101 praecordia
343 1025 507 1101 imponere,
530 1041 604 1102 quae
625 1025 796 1102 reprimant,
816 1021 1035 1100 cataplasmata:

21 1106 191 1181 insecundo,
216 1106 348 1166 sudorem
372 1107 537 1185 probibere.
570 1107 601 1167 ld
624 1115 750 1185 praestat
772 1106 908 1168 acerbum
931 1105 1037 1178 oleum,

54 1189 97 1250 vel
110 1207 188 1266 rosa,
210 1191 258 1250 vel
277 1190 424 1268 melinum,
447 1201 493 1252 aut
507 1201 664 1266 myrteum:
686 1209 805 1270 quorum
818 1191 913 1270 aliquo
931 1205 1038 1266 eorpus

49 1275 147 1334 leniter
168 1274 399 1352 perungendum,
422 1285 605 1354 ceratumque
626 1293 664 1335 ex
683 1276 779 1355 aliquo
799 1274 898 1334 horum
917 1283 976 1334 tum
989 1272 1037 1332 im·

47 1357 207 1438 ponendum
232 1368 284 1418 est.
301 1407 307 1422 .
324 1360 355 1417 Si
377 1359 464 1419 sudor
485 1362 590 1435 vincit,
617 1359 784 1418 delinendus
811 1358 896 1420 homo
925 1366 970 1417 est
991 1355 1038 1414 vel

46 1458 151 1521 gypso,
166 1441 213 1501 vel
231 1444 342 1518 argenti
358 1461 468 1522 spuma,
483 1444 531 1503 vel
551 1443 662 1503 cimolia
680 1452 768 1518 creta,
784 1442 928 1502 ueletiam
943 1439 1038 1500 subin·

18 1527 81 1590 ude
109 1525 213 1586 horum
241 1526 360 1604 pulvere
383 1528 607 1606 respergendus.
638 1526 716 1586 Idem
739 1536 867 1606 praestat
887 1527 980 1606 pulvis
1002 1541 1039 1582 ex

48 1610 179 1670 contritis
199 1609 285 1670 aridis
307 1613 391 1684 myrti
411 1611 458 1670 vel
477 1610 541 1672 rubi
562 1611 656 1688 foliis,
682 1620 730 1670 aut
751 1630 789 1672 ex
802 1612 909 1670 austeri
926 1619 955 1670 et
970 1607 1038 1668 boni

47 1695 102 1754 vini
118 1692 198 1753 arida
213 1693 311 1753 laece:
334 1694 473 1772 pluraque
488 1695 590 1754 similia
606 1704 683 1772 suut,
705 1696 816 1774 quaesi
832 1694 947 1771 desunt,
969 1691 1039 1752 satis

45 1778 120 1838 utilis
143 1785 188 1836 est
208 1777 330 1855 quilibet
349 1780 448 1838 err-via
471 1779 565 1858 pulvis
584 1781 717 1856 injectus.
748 1778 934 1858 superhaec
954 1779 1037 1850 vero,

45 1879 101 1941 qno
117 1861 209 1922 minus
241 1878 348 1940 corpus
363 1862 489 1938 insudet,
514 1863 571 1922 levi
591 1873 674 1924 veste
690 1863 779 1930 debet
795 1881 861 1924 esse
879 1869 1039 1935 contectus,

13 1947 112 2008 cnloco
129 1962 187 2004 nou
202 1945 312 2020 calido,
329 1945 464 2006 fenestris
479 1947 641 2025 patentibus
659 1949 712 2025 sio,
728 1957 758 2007 ut
773 1947 909 2027 perflatus
925 1963 1040 2024 quoque

44 2029 148 2108 aliquis
165 2029 296 2090 accedat.
328 2029 452 2091 Tertium
474 2032 606 2092 auxilinm
627 2041 685 2109 est,
707 2031 894 2114 imbecillitati
913 2029 1039 2105 Jaceutis

45 2113 111 2176 cibo
125 2114 252 2190 vinoque
265 2131 445 2174 succurrere.
462 2114 549 2174 Cibus
564 2135 620 2176 nou
633 2117 736 2176 multus
747 2116 869 2194 quidem,
885 2113 1040 2190 sedsaepe

43 2207 139 2258 tamen
153 2205 240 2256 nocte
262 2197 357 2274 audie
373 2197 480 2258 dandus
497 2208 558 2274 est,
578 2209 608 2260 ut
621 2198 739 2274 nutriat,
762 2217 855 2278 neque
871 2206 982 2258 oneret.
1012 2195 1041 2254 ls

44 2301 111 2342 esse
130 2280 217 2340 debet
237 2300 274 2340 ex
289 2283 477 2343 infirmissima
493 2285 627 2358 materia,
651 2293 679 2342 et
695 2283 842 2343 stomacho
857 2291 950 2360 aptus.
979 2279 1041 2338 Nisi

12 2387 38 2427 aa
50 2367 74 2424 si
87 2383 212 2424 necesse
230 2374 290 2440 est,
306 2365 341 2424 ad
357 2367 452 2426 viuum
466 2367 602 2428 festinare
618 2385 674 2429 non
693 2376 823 2446 oportet:
844 2368 870 2425 si
885 2363 1041 2426 verendum

48 2458 101 2525 est,
117 2467 153 2508 ue
168 2449 294 2526 deficiat,
310 2459 367 2509 tum
382 2459 410 2509 et
424 2452 518 2511 intrita
532 2469 569 2512 ex
584 2452 657 2527 hoc,
676 2461 705 2512 et
719 2451 775 2512 hoc
789 2452 882 2529 ipsum
897 2458 1041 2508 austerum

46 2533 176 2611 quidem,
202 2533 254 2592 sed
269 2542 363 2605 tamen
378 2543 480 2611 tenue,
500 2537 690 2613 meraculum,
714 2535 857 2613 egelidum
878 2533 997 2593 subinde
1012 2540 1042 2591 et

41 2617 206 2678 liberaliter
221 2617 341 2679 dandum
357 2628 414 2688 est;
433 2619 547 2694 adjecta
563 2621 690 2698 polenta,
707 2619 831 2680 simodo
849 2620 872 2678 is
887 2636 977 2695 aeger
992 2634 1040 2696 pa·

41 2720 104 2762 rum
130 2699 188 2760 cibi
209 2703 341 2762 assumit:
362 2702 447 2780 idque
463 2706 557 2764 uiuum
572 2704 765 2779 essedebet,
786 2721 880 2781 neque
902 2702 1042 2762 nullarum

10 2785 158 2861 pririum,
175 2802 268 2864 neque
287 2786 458 2863 ingentium
474 2797 613 2866 recteque
627 2798 687 2849 tota
703 2788 747 2849 die
760 2805 794 2848 ao
809 2795 905 2860 nocte,
924 2785 1042 2844 veltres

39 2870 177 2928 heminas
198 2887 288 2946 aeger
307 2869 402 2940 bibet;
426 2872 449 2930 si
470 2874 577 2931 vastius
594 2890 700 2952 corpus
722 2882 782 2947 est,
805 2870 869 2949 plus
891 2871 984 2928 etiam.
1011 2868 1043 2926 Si

40 2953 142 3013 cibum
158 2969 216 3012 uon
235 2955 356 3033 accipit,
378 2964 545 3034 perunctum
565 2965 630 3016 aute
653 2955 825 3034 perfundere
845 2971 918 3031 aqua
938 2949 1043 3028 frigida

40 3038 201 3113 convenit,
224 3047 252 3096 et
271 3046 328 3097 tum
344 3037 422 3098 dare.
462 3039 587 3113 Quodsi
607 3039 775 3109 stomachus¹
785 3037 928 3098 resolutus
944 3052 1043 3115 parum

39 3121 188 3194 continet,
205 3129 233 3180 et
249 3131 316 3182 ante
331 3121 435 3194 eibum,
452 3131 481 3182 et
497 3133 563 3200 post
580 3142 642 3184 enm
659 3132 763 3202 sponte
778 3139 896 3182 vomere
911 3129 1051 3200 oportet,

10 3222 206 3282 erursusque
233 3214 300 3282 post
324 3207 457 3266 vomitum
480 3207 583 3288 cibum·
598 3223 727 3273 sumere;
763 3210 788 3266 si
818 3224 854 3265 ne
878 3205 906 3266 id
931 3203 1044 3284 quidem

35 3289 194 3362 manserit,
211 3288 331 3349 sorbere
346 3290 402 3348 viui
419 3290 564 3364 cyathum,
586 3292 812 3369 interpositaque
827 3290 915 3366 hora,
930 3306 1044 3349 sumere
1111 3284 1116 3292 '

36 3373 180 3434 alterum.
214 3373 244 3431 Si
267 3373 295 3435 id
317 3391 431 3452 quoque
453 3373 807 3449 stomachus'reddiderit,
830 3383 918 3434 totum
938 3388 1044 3448 corpus

36 3457 142 3520 bulbis
159 3458 291 3516 contritis
307 3457 560 3538 superillinendum
575 3467 633 3528 est:
650 3459 707 3536 qui,
725 3457 772 3518 ubi
787 3460 966 3532 inaruerunt,
982 3453 1043 3514 ciii-
