2396 3904
359 212 426 258 uro.
446 213 520 260 vsu.
539 213 613 262 unp.
632 215 690 262 vu.
707 216 780 264 vus.
991 204 1048 266 341

44 385 147 428 unum
165 375 195 428 et
208 368 374 428 vicesimum
391 365 464 426 diem
480 377 634 430 sanescunt
647 369 778 444 maxilla,
795 371 897 447 malae,
909 371 1052 448 jugulum,

45 461 187 530 peetus,
212 452 298 512 laium
315 469 348 510 os
367 451 564 527 scapularum,
595 460 703 529 ousiae,
732 455 824 531 spina,
856 473 992 516 coxarum
1008 473 1051 531 οε,

44 535 121 610 tali,
142 534 219 610 eulx,
239 553 348 610 manus,
363 533 473 612 planta:
494 535 742 596 intervioesimurn
755 547 782 597 ει
799 539 971 598 tricesimum
989 556 1050 599 oru-

46 637 99 694 ra‚
117 618 298 699 brachiaque
317 619 371 696 (ol
386 617 416 692 8,
435 617 520 696 §2):
543 618 617 678 inier
632 621 781 696 septimum
798 629 826 680 ει
841 624 1007 693 vicesimum
1023 631 1052 680 ει

12 727 31 766 5
49 702 314 780 quadragesimum
331 701 439 760 humeri
454 710 483 760 ai
497 702 611 761 femina.
642 702 701 762 Sed
716 703 752 762 de
766 705 881 764 maxilla
896 705 965 765 illud
981 721 1050 782 quo·

50 805 116 864 que
140 785 335 860 adjiciendum
357 794 417 861 εει,
440 784 516 862 quod
537 785 667 846 humidus
689 787 768 846 cibus
790 787 837 848 diu
863 789 1050 849 assumendus

51 879 122 930 eei:
142 879 229 948 alque
243 870 345 942 eliam,
363 886 445 947 quum
462 877 574 947 tempus
595 871 753 947 prooessit,
775 871 803 930 in
823 872 929 948 lagano
954 871 1049 932 simili·
1068 910 1101 944 -oe

52 953 175 1030 busque
191 953 254 1012 aliis
270 951 511 1031 perseverandum
528 961 586 1027 εει,
602 949 694 1012 donee
712 972 748 1012 ex
761 962 821 1014 iulo
833 955 977 1016 maxillam
992 955 1048 1014 oal-

53 1036 106 1096 lus
129 1037 256 1099 firmarii.
287 1035 430 1114 Itemque,
453 1037 550 1112 ulique
574 1038 671 1114 primis
692 1036 809 1115 diebus,
832 1038 993 1100 habendum
1014 1040 1050 1098 si·

4 1120 190 1180 solentium.
648 1149 652 1158 ,

391 1371 415 1432 0
426 1371 453 1432 A
465 1373 490 1430 P
503 1373 532 1432 U
544 1373 571 1430 Τ
605 1370 633 1431 V
645 1372 661 1430 Ι
671 1371 688 1430 Ι
698 1371 724 1432 Ι.

430 1491 466 1540 De
481 1489 574 1555 jugulo
592 1487 679 1538 fracto.

127 1643 156 1700 1.
178 1638 311 1717 Jugulum
326 1656 414 1716 vero,
436 1640 459 1699 si
475 1648 667 1701 transversum
688 1641 808 1700 iraolum
829 1649 889 1718 εει,
912 1657 1047 1700 nonnum·

58 1741 148 1805 quam
163 1740 216 1802 per
234 1742 266 1782 se
281 1743 380 1784 rursus
394 1732 474 1784 reule
490 1727 564 1800 ooli,
580 1733 624 1801 ει,
641 1725 694 1783 nisi
708 1734 854 1799 movetur,
876 1725 970 1784 sanari
987 1727 1048 1784 sinu

14 1833 48 1873 ιε
60 1811 193 1868 vinctura
213 1817 326 1887 polest:
350 1825 558 1885 nonnumquam
574 1824 661 1884 vero,
684 1810 861 1886 maximeque
877 1807 925 1866 ubi
941 1817 1048 1868 molum

60 1901 124 1966 εει,
140 1890 276 1960 elabitur;
293 1891 412 1969 fereque
428 1891 476 1968 idq
493 1890 598 1969 quoda
615 1901 734 1970 pectore
751 1901 806 1966 esi,
822 1893 955 1970 superid‚
972 1892 1047 1971 quod

60 1977 98 2037 ab
115 1975 233 2034 humero
254 1983 314 2051 εει,
330 1977 357 2034 in
373 1977 564 2054 posteriorem
579 1983 688 2051 perlem
703 1975 853 2035 inclinatur
876 1975 978 2054 (Hipp.
1001 1975 1049 2036 De

62 2057 184 2132 erdod
203 2059 255 2134 14)
272 2056 309 2136 ¹).
346 2057 434 2133 Cujus
452 2075 485 2118 eu
504 2061 577 2117 ratio
595 2067 655 2132 εει,
674 2058 749 2136 quod
766 2076 821 2137 per
835 2076 867 2118 se
881 2076 936 2117 non
950 2075 1047 2117 move·

61 2153 123 2216 tur,
140 2140 190 2200 sed
207 2159 271 2200 oum
287 2141 395 2202 inumeri
411 2149 488 2200 moiu
505 2143 663 2208 consentin
685 2143 790 2218 itaque,
806 2158 842 2200 eo
860 2141 1047 2215 subsistente,

17 2251 52 2292 ao
66 2225 143 2286 subii
165 2225 299 2284 humerus
320 2224 470 2300 agitatus
509 2224 586 2285 Raro
610 2242 681 2284 vero
701 2223 850 2284 admodum
871 2226 898 2282 in
920 2225 1047 2302 priorem

62 2317 174 2388 pariam
190 2306 321 2385 Jugulum
342 2307 546 2386 inclinatur²);
585 2307 658 2366 adeo
686 2316 715 2366 ul
740 2309 835 2384 magni
861 2308 1047 2384 professores

61 2409 211 2470 numquam
226 2409 259 2451 se
275 2391 382 2450 vidisse
395 2391 548 2450 memoriae
565 2391 732 2450 mandarint.
767 2390 825 2450 Sed
846 2391 979 2468 loeuples
1006 2399 1046 2450 ta·

62 2493 128 2536 men
142 2476 204 2550 ejus
217 2477 260 2534 rei
278 2482 378 2534 uueiur
395 2474 587 2552 Hippocrates
603 2483 647 2533 εει
663 2473 726 2553 (De
741 2475 828 2534 artie.
846 2475 866 2549 ὃ
885 2476 949 2550 15).
987 2474 1046 2533 Ve-

62 2574 141 2635 rum,
157 2558 342 2618 uidissimilis
358 2566 477 2634 uterque
500 2575 583 2616 casus
605 2566 666 2633 εει,
687 2560 731 2617 sio
745 2557 884 2636 quaedum
900 2557 1047 2618 dissimilia

20 2667 50 2706 25
63 2645 189 2722 requirit.
219 2641 275 2702 Ubi
293 2641 330 2700 ad
343 2640 475 2740 scapulas
488 2641 617 2716 jugulum
632 2640 738 2719 tendit,
755 2641 835 2701 simul
852 2643 952 2702 dextra
964 2658 1047 2701 manu

64 2728 147 2806 plana
164 2721 397 2824 propellendus
390 2743 416 2782 m
431 2726 624 2802 posteriorem
646 2735 756 2802 partem
780 2724 913 2785 humerus
937 2735 996 2802 εει,
1019 2735 1047 2784 ει

61 2810 154 2870 illud
147 2827 174 2868 m
191 2811 317 2887 priorem
333 2807 536 2868 attrahendum
569 2807 625 2868 Ubi
639 2808 674 2868 ad
691 2819 792 2886 peetus
808 2825 978 2868 conversum
993 2817 1044 2882 εει,

61 2897 153 2972 ipsum
172 2892 285 2970 quidem
301 2901 379 2952 retro
395 2891 525 2966 dandum,
544 2891 677 2951 humerus
693 2901 787 2952 aulem
804 2894 832 2950 in
846 2892 969 2968 priorem
982 2907 1044 2967 pur-

132 3114 352 3204 1)1Τὸμὲνάπό
370 3119 419 3170 τοῦ
420 3112 570 3201 pendeus
575 3116 700 3184 πεφυκὸς
719 3108 814 3170 oune'ov
831 3113 903 3178 ἐς
875 3135 905 3169 το
925 3107 983 3168 ἅνω
998 3113 1042 3202 pe'

64 3205 113 3256 ρος
130 3183 285 3256 erumpere,
310 3182 341 3240 τό
362 3179 428 3240 δὲ’
410 3181 468 3239 απὸ
486 3187 535 3254 τῆς
553 3181 735 3254 ἅκρωμίης..
747 3180 805 3240 ,ἐν
820 3187 859 3258 spi
875 3180 950 3240 κάτω
970 3185 1045 3253 με’ρει
1073 3232 1077 3242 ,

64 3253 144 3310 ε.ἷναι
171 3263 299 3312 Deartio.
293 3259 386 3338 §14
1059 3284 1062 3290 ¹

130 3329 155 3393 2)
130 3321 216 3380 le
234 3319 300 3376 δὲ’
278 3320 339 3410 prpd
357 3325 406 3392 τῆς
424 3318 567 3392 εἰκρωμιής
586 3317 682 3376 ὀστέον
704 3316 850 3392 ὑπερέχειν
871 3324 919 3376 καὶ
938 3315 1048 3390 ἐποχέε-

63 3398 132 3447 σθαι
147 3388 193 3448 ἐπὶ
208 3395 258 3446 τοῦ
273 3387 374 3462 ἑτέρου.
387 3397 452 3448 Idid.
462 3398 514 3447 lloo
529 3397 664 3462 capitulum
682 3404 724 3446 aut
739 3397 803 3447 male
820 3414 852 3449 ex
869 3397 1047 3464 Hippocraten

62 3467 132 3518 Celso
149 3457 302 3531 excerptum,
319 3473 361 3516 aut
376 3467 459 3530 inepte
477 3466 609 3516 alibrando
630 3466 803 3531 depravatum.
