2384 3896
156 197 222 263 ms
456 210 489 258 a.
505 208 536 258 c.
554 207 654 257 cuusr
668 203 864 256 uouemus

159 375 307 428 ceremur:
336 363 438 424 deiude
464 369 568 442 postes
591 362 728 424 lenticula
748 363 864 440 imponi.
906 360 999 421 Tollit
1019 361 1152 436 thymia

42 459 46 465 '
158 453 243 512 etiam
259 451 332 509 ficus
350 450 378 507 iu
393 465 466 525 aqua
482 455 575 507 cocta.

225 535 273 594 15.
311 532 351 591 m
376 530 496 612 pusulae
521 532 644 590 manuue
672 531 770 589 neruis
799 529 983 608 temporibus
1016 529 1150 587 oriuntur.

157 618 264 680 llarum
284 615 367 695 plura
387 631 497 692 genera
517 623 591 690 suut.
634 611 706 673 Num
725 612 811 673 ruodo
833 615 911 672 cirea
931 620 1029 672 totum
1050 627 1152 690 corpus

158 711 309 784 partemve
331 697 480 778 aspritudo
504 697 644 776 quaedam
667 699 713 774 lit,
740 697 841 757 similis
862 697 897 755 iis
919 696 1056 775 pusulis,
1084 711 1164 774 quaes

158 805 196 847 ex
217 786 326 858 urtica,
348 783 397 842 vel
420 801 458 842 ex
481 781 587 842 sudore
610 790 780 841 nascuntur:
807 773 1027 860 ἐξανθήματα
1050 777 1150 838 Graeci

52 907 54 910 -
157 878 273 930 vocant.
308 866 427 944 Eaeque
441 865 527 926 modo
543 864 662 942 rubent,
686 864 773 924 modo
790 864 919 924 colorem
936 865 1017 922 cutis
1033 880 1095 922 ucu
1109 879 1150 921 eu·

158 953 272 1014 cedunt.
305 949 524 1029 Nonnumquam
544 949 659 1028 plures,
680 949 789 1008 similes
811 949 889 1008 varis
912 948 1064 1015 oriuntur;
1088 963 1150 1004 uou-

156 1053 307 1115 numquam
318 1035 454 1109 majores,
471 1033 585 1110 lividae,
601 1025 649 1095 aut
657 1031 798 1112 pallidae,
815 1032 994 1108 autuigrae,
1012 1039 1065 1090 aut
1075 1030 1151 1090 aliter

156 1119 278 1180 naturali
299 1117 401 1178 colore
421 1115 545 1178 mut'ato:
568 1115 737 1196 subestque
758 1117 794 1176 iis
817 1115 931 1184 humor:
964 1115 1019 1175 ubi
1039 1133 1098 1175 eae
1111 1131 1170 1173 rua

157 1211 228 1281 ptae
254 1210 339 1276 suut,
374 1201 448 1260 inira
478 1201 561 1279 quasi
592 1199 760 1260 exulcerata
792 1217 860 1260 caro
892 1208 1038 1278 apparet;
1076 1189 1151 1277 ‹piri-

152 1301 287 1354 tscocvou
309 1301 419 1360 graece
441 1286 630 1345 nominantur.
666 1283 751 1344 Fiunt
772 1283 820 1343 vel
843 1301 880 1343 ex
894 1285 1031 1360 frigore,
1057 1281 1107 1342 vel
1121 1299 1151 1340 er

156 1369 231 1446 igni,
255 1369 303 1428 vel
324 1386 361 1428 ex
375 1369 661 1429 medicamentis..·-
680 1359 871 1442 Φλυζάκιον
886 1376 981 1427 autem
998 1366 1095 1444 paulo
1109 1365 1150 1424 du

155 1455 215 1512 rior
239 1452 341 1532 pusula
360 1461 421 1529 est,
442 1451 610 1527 subalbida,
634 1460 730 1520 acuta;
755 1469 792 1511 ex
810 1467 865 1528 qua
879 1453 943 1531 ipsa
958 1451 1046 1528 quod
1061 1450 1148 1528 expri-

155 1539 240 1596 mitur
262 1536 403 1596 humidum
426 1545 480 1594 est.
524 1535 571 1596 llx
597 1535 709 1614 pusulis
734 1553 806 1594 vero
828 1530 1048 1612 nonnumquam
1073 1535 1169 1594 etiamn

156 1620 306 1680 ulcuscula
327 1620 396 1679 irunt
411 1628 458 1680 aut
473 1619 613 1695 aridiora,
636 1626 683 1678 aut
698 1618 871 1688 humidiora;
894 1627 924 1678 et
936 1616 1032 1678 modo
1050 1626 1148 1678 tautuu

157 1701 219 1762 cum
241 1703 404 1780 prurigine,
427 1702 619 1764 modoetiam
642 1720 709 1762 cunr·
725 1703 945 1762 inflammatione
970 1719 1009 1761 ao
1036 1701 1147 1766 dolore:

155 1788 273 1864 exinquo
295 1792 344 1844 aut
364 1803 434 1864 pus,
456 1796 504 1846 aut
519 1787 632 1862 sanies,
654 1794 702 1846 aut
723 1795 883 1865 utrumque.
919 1785 1111 1862 Maximeque
1126 1781 1147 1841 id

155 1869 252 1927 evenit
273 1869 300 1926 in
322 1877 416 1928 aetate
438 1870 554 1947 puerili;
583 1884 650 1930 raro
670 1871 700 1928 iu
721 1869 816 1929 medio
838 1883 981 1948 corpore:
1014 1868 1147 1948 saepeiu

154 1950 344 2011 eminentibus
366 1955 505 2030 partibus.
540 1954 667 2015 Pessima
686 1954 788 2032 pusula
804 1961 862 2026 est,
881 1949 963 2031 'quae
980 1946 1168 2020 ἐπινυκιίςε

154 2042 275 2096 vocatur
298 2033 352 2113 (ci.
368 2036 456 2116 llipp.
472 2035 521 2097 De
541 2045 632 2113 cere,
656 2054 706 2116 oq.
722 2043 753 2097 ot
772 2036 831 2098 loo.
847 2037 883 2108 3,
906 2045 936 2096 et
948 2038 981 2096 iu
995 2055 1068 2097 mea
1087 2035 1145 2096 edit.

153 2139 184 2199 p.
204 2117 292 2198 372).
334 2116 377 2177 lla
407 2117 508 2179 colore
530 2117 578 2178 uel
600 2117 758 2193 sublivida,
786 2118 835 2178 vel
861 2119 960 2195 nigra,
997 2119 1054 2180 vel
1092 2117 1147 2179 aliua

154 2220 220 2263 esse
236 2205 404 2264 cousuevit:
428 2204 505 2264 circa
521 2203 595 2264 lrauc
610 2213 705 2264 autem
719 2203 877 2264 vehemens
889 2203 1085 2268 iudammatio
1097 2211 1145 2268 est;

153 2294 182 2347 et
202 2275 286 2365 quu'm
308 2285 446 2366 adaperta
468 2297 528 2364 est,
555 2289 700 2366 reperitur
719 2287 794 2348 intus
816 2287 997 2347 exulceratio
1020 2303 1145 2359 mucoso,

153 2371 259 2448 colore
270 2369 382 2430 humori
398 2387 450 2431 suu
467 2371 576 2431 similis.
607 2371 699 2430 Dolor
715 2387 753 2431 ex
770 2387 805 2431 eu
820 2371 907 2450 supra
921 2371 1166 2448 maguitudiucna

153 2455 216 2528 ejus
241 2463 301 2513 est:
324 2449 419 2534 neque
441 2456 514 2514 euim
537 2471 570 2514 ea
585 2454 651 2514 iuba
666 2456 759 2530 major
774 2464 827 2514 est.
866 2453 963 2534 Atque
982 2455 1144 2534 haecque

153 2554 208 2615 que
235 2538 325 2596 oritur
349 2538 593 2619 inlemiuentibus
619 2539 768 2616 partibus,
798 2547 829 2597 et
853 2538 919 2598 iere
941 2548 1049 2608 noctu;
1080 2536 1146 2598 uude

151 2623 257 2678 nomeu
274 2636 389 2700 quoque
405 2639 420 2680 a
436 2622 555 2681 Graecis
572 2624 598 2682 ei
614 2621 777 2700 impositum
792 2631 845 2682 est.
881 2621 914 2682 lu
931 2623 1063 2682 omnium
1082 2635 1145 2681 vero

151 2700 316 2780 pusularum
342 2706 490 2763 curatione
514 2707 631 2784 primum
653 2715 712 2782 est,
745 2705 861 2766 multum
889 2704 1041 2765 ambulare
1066 2713 1146 2783 atque

151 2789 302 2855 exercerl;
327 2789 361 2847 ·si
388 2786 455 2866 quid
481 2789 535 2849 ista
562 2788 713 2869 prohibet,
739 2791 870 2867 gestari:
902 2789 1066 2848 secundum
1096 2797 1166 2862 estu

152 2871 245 2932 cibum
267 2871 409 2956 minuere;
431 2871 578 2932 abstinere
595 2873 631 2932 ab
647 2872 777 2933 omuibus
791 2872 908 2933 acribus
922 2882 951 2932 et
965 2873 1145 2933 extenuanti-

149 2955 219 3017 bus:
243 2957 401 3036 eademque
422 2957 550 3016 nutrices
573 2957 672 3016 iacere
694 2965 825 3034 oportet,
850 2957 874 3015 si
889 2956 1003 3016 lacteus
1018 2973 1099 3034 puer
1113 2957 1145 3014 itu

149 3041 271 3100 allectus
292 3051 346 3101 est.
383 3040 503 3101 Praeter
526 3038 598 3098 haec
622 3041 647 3098 is
668 3041 715 3118 qui
729 3043 789 3114 jam
812 3039 949 3100 robustus
969 3049 1032 3115 est,
1059 3041 1085 3099 si
1100 3057 1143 3118 pu·

150 3122 231 3181 sulae
257 3126 380 3183 minutae
406 3132 487 3199 sunt,
518 3121 660 3182 desudare
685 3125 714 3183 iu
743 3122 848 3183 balneo
869 3123 970 3191 debet;
1002 3123 1144 3201 simulque

149 3221 239 3282 super
256 3223 306 3264 eas
323 3209 426 3265 nitrum
442 3208 631 3286 inspergere,
647 3205 773 3284 oleoque
789 3208 884 3266 viuum
900 3209 1041 3283 miscere,
1061 3215 1091 3266 et
1106 3206 1165 3264 sice

148 3289 231 3365 ungi:
252 3297 310 3347 tum
331 3287 512 3350 descendere
528 3292 556 3349 in
574 3290 686 3350 solium.
721 3291 751 3350 Si
766 3290 835 3351 nihil
852 3293 895 3349 sio
908 3291 1080 3368 proficitur,
1102 3295 1142 3349 aut

149 3373 173 3432 si
193 3371 283 3446 majus
308 3371 469 3450 pusularum
492 3391 585 3449 genus
611 3375 781 3453 occupavit,
811 3373 984 3452 imponenda
1007 3371 1139 3433 lenticula

149 3465 207 3528 est;
241 3455 426 3534 detractaque
452 3473 557 3518 summa
586 3458 739 3538 pellicula,
769 3456 805 3517 ad
830 3457 1041 3518 medicamenta
1072 3457 1140 3518 leuia
