2372 3892
177 211 238 274 326
464 223 496 270 n.
514 220 544 271 c.
562 219 660 270 consu
677 219 870 270 unnrcmsxr

177 379 252 453 cula,
272 393 346 456 quac
362 375 492 437 interiori
512 377 690 453 inserantur,
710 377 809 453 exigit.
832 373 954 435 Ceterae
971 375 1136 455 processibus

176 462 309 522 deorsum
325 459 521 540 spectantibus
538 462 566 519 in
579 461 733 520 inferiores
749 461 939 534 insinuantur,
961 477 997 518 ao
1014 462 1135 538 persium

176 563 249 624 quoa
266 547 406 624 utrimque
422 543 542 619 habent,
559 546 727 624 superiores
742 544 901 621 acciplunt;
924 544 1077 621 multisque
1090 561 1135 602 ner·

174 631 262 688 viset
278 629 363 689 multa
386 628 555 703 cartilagine
582 629 770 686 eontinentur.
802 625 847 685 Ac
871 630 914 686 sic
930 645 989 687 uno
1010 628 1135 686 llexuno

175 714 240 773 dico
256 713 283 771 in
301 728 420 791 pronum
434 712 510 787 dato,
528 713 633 770 ceteris
648 713 771 788 negatis,
787 710 872 769 homo
888 719 1032 770 etractus
1047 713 1148 785 insistite

175 806 204 857 et
221 796 326 874 aliquid
342 797 376 856 ad
389 796 554 854 necessaria
570 812 659 872 opera
671 804 814 854 curratur.
833 793 910 852 lnira
927 797 1073 854 cervicem
1085 811 1135 852 reru

174 897 280 941 summa
296 887 484 939 cusiacontra
498 877 643 936 humerum
658 881 710 938 sita
727 887 780 936 est.
798 877 868 937 lnrle
881 895 935 938 sex
948 878 1135 938 inferioresus
1168 845 1171 954 l

175 982 231 1042 que
249 964 284 1023 ad
300 965 383 1022 inrum
401 963 695 1041 pectusproveniunt:
712 978 834 1039 eaeque,
849 962 949 1038 primis
963 962 1091 1039 partibus
1106 977 1137 1019 ro
1169 955 1171 1008 l

175 1047 289 1122 lunulae,
310 1055 338 1106 et
353 1046 457 1105 leniter
475 1047 555 1122 quasi
571 1045 755 1123 capitulatae,
766 1045 964 1104 vertebrarum
988 1046 1136 1106 transversis
1169 1015 1171 1088 h

175 1128 362 1208 processibus
379 1128 417 1186 ibi
436 1145 551 1207 quoque
567 1128 679 1207 paulum
697 1129 826 1204 sinuatis,
842 1128 1015 1190 inhaerent:
1044 1129 1156 1189 ludelau

174 1222 299 1288 tescunt,
317 1221 345 1270 et
362 1213 389 1270 in
408 1215 583 1272 exteriorem
596 1220 705 1290 partem
721 1220 891 1272 recurvatae
906 1213 1045 1290 paulatim
1060 1215 1085 1272 in
1096 1229 1137 1271 car·

73 1347 76 1354 .
173 1297 320 1372 tilaginern
336 1294 529 1371 degenerant3
544 1313 638 1373 eaque
654 1305 736 1374 parte
751 1313 851 1354 rursus
864 1297 892 1354 in
905 1297 1047 1356 interiora
1060 1296 1139 1356 leuiter

122 1447 126 1463 ‚
174 1379 267 1440 flexae
283 1381 493 1440 committuntur
505 1397 568 1438 cum
583 1397 652 1438 osse
665 1380 803 1457 pectoris.
834 1380 919 1455 Quod
939 1381 1048 1440 valens
1069 1390 1093 1438 et
1104 1378 1138 1436 lu·

174 1483 234 1523 rum
250 1481 266 1524 a
281 1462 412 1522 lancibus
426 1464 542 1541 incipit,
559 1462 593 1522 ab
607 1471 727 1541 utroque
744 1461 835 1522 latere
848 1463 982 1540 lunatum,
1003 1473 1033 1524 et
1048 1482 1063 1523 a
1077 1479 1137 1542 prae

175 1547 296 1624 cordiis,
314 1547 374 1621 jam
394 1549 487 1624 ipsum
514 1563 629 1624 quoque
655 1546 823 1622 cartilagine
847 1547 1006 1624 mollitum,
1029 1549 1155 1606 terminas

173 1642 227 1692 tur.
258 1630 317 1690 Sub
334 1631 423 1690 costis
440 1647 511 1689 vero
528 1629 673 1708 prioribus
689 1630 830 1708 quinqua,
847 1647 917 1708 quas
933 1623 1045 1702 νόθας
1060 1629 1138 1692 Graeci
1172 1641 1173 1644 ’

174 1717 334 1792 nominant,
353 1713 460 1773 breves
477 1715 692 1792 tenuioresque,
712 1722 798 1791 atque
816 1715 898 1792 ipsae
921 1732 1043 1794 quoque
1063 1713 1137 1794 paula·

173 1799 221 1857 tiro
238 1800 266 1856 in
287 1798 485 1873 cartilaginem
500 1815 616 1873 versae,
643 1799 779 1857 extremis
797 1796 957 1878 abdominis
973 1799 1100 1876 partibus
1112 1796 1136 1852 in

173 1881 359 1950 haerescunt;
376 1882 487 1959 imaque
503 1898 540 1940 ex
555 1880 616 1956 his,
635 1883 744 1956 majore
756 1881 817 1954 jam
831 1890 913 1960 parte
930 1882 1015 1959 nihil,
1034 1883 1083 1941 nisi
1095 1897 1136 1938 car·

174 1963 263 2041 tilago
279 1974 332 2023 est.
366 1965 475 2026 Rursus
492 1983 507 2024 a
523 1966 640 2024 cervice
658 1964 714 2024 (luo
730 1964 786 2024 lata
803 1981 870 2024 ossa
882 1967 1029 2042 utrimque
1047 1966 1078 2025 ad
1094 1979 1155 2022 scas

174 2048 256 2126 pulas
284 2049 415 2108 tendunt:
441 2050 531 2108 nostri
561 2048 671 2108 scutula
699 2056 812 2125 operta,
842 2036 1045 2128 ὠμοπλάτας
1059 2045 1136 2109 Graeci

172 2134 326 2192 nominant.
356 2131 399 2192 Ea
413 2134 441 2191 iu
457 2133 571 2191 summis
584 2130 741 2190 verticibus
757 2133 882 2209 sinuata,
900 2132 935 2192 ab
948 2133 993 2192 his
1008 2129 1136 2207 triangula,

172 2217 365 2294 paulatimque
385 2215 552 2276 latescentia
574 2214 609 2273 ad
633 2217 744 2292 spinam
765 2216 897 2285 tendunt;
925 2225 953 2276 et
975 2235 1036 2294 quo
1059 2215 1136 2275 latiora

173 2317 284 2377 quaque
303 2308 386 2377 parte
409 2308 486 2376 sunt,
505 2298 562 2358 hoc
577 2297 738 2357 hebetiora.
769 2298 866 2377 Atque
889 2301 951 2377 ipsa
969 2318 1098 2377 quoque,
1119 2296 1137 2352 iu

172 2385 228 2442 imo
244 2383 456 2458 cartilaginosa,
473 2383 638 2460 posteriore
657 2390 738 2460 parte
755 2381 834 2441 velut
852 2384 992 2452 innatant;
1017 2382 1154 2462 quoniame

152 2467 225 2524 *nisi
241 2468 270 2525 in
285 2483 410 2541 summo,
426 2465 495 2525 nulli
513 2466 572 2524 ossi
586 2465 799 2525 inhaerescunt.
830 2464 873 2525 lhi
885 2475 958 2524 vero
979 2466 1083 2526 validis
1097 2479 1137 2521 mn·

172 2549 260 2608 sculis
282 2551 437 2626 nervisque
459 2533 614 2608 con'stricta
636 2537 719 2607 sunt.¹
747 2548 786 2606 At
808 2566 823 2608 a
845 2567 951 2629 summa
976 2544 1138 2627 costapaulo

171 2633 300 2708 inieritis,
311 2650 394 2710 qnam
410 2631 457 2690 ubi
474 2651 507 2692 aa
523 2632 617 2691 media
634 2639 687 2707 est,
699 2649 732 2691 os
749 2629 895 2692 excrescit
907 2626 1136 2711 (acromionspt

169 2732 271 2794 oeque
294 2715 482 2794 scapulae),
506 2714 545 2774 ibi
561 2715 674 2794 quidem
690 2723 793 2789 tenne,
815 2717 981 2794 procedens
996 2735 1082 2791 vero,
1097 2725 1137 2790 qil

172 2801 293 2879 propius
318 2799 375 2860 lato
404 2799 584 2877 scapularum
609 2780 670 2857 ossi
693 2798 740 2874 lit,
765 2817 802 2858 eo
825 2800 940 2878 plenius
966 2800 1155 2878 lautusqueuu

171 2885 284 2964 paulurn
297 2885 324 2944 in
340 2886 483 2945 exteriora
501 2892 656 2956 curvatum,
672 2882 747 2959 qnotl
761 2883 851 2942 altera
863 2885 982 2942 verticis
1001 2893 1081 2964 parte
1094 2893 1136 2937 no·

170 2967 235 3028 dice
249 2970 460 3044 intumescens,
478 2967 598 3025 sustinet
607 2966 748 3040 jugulum.
781 2966 813 3026 ld
836 2975 927 3026 autem
948 2969 1044 3046 ipsum
1061 2977 1135 3026 recur-

170 3069 250 3126 vum,
270 3071 304 3112 ac
322 3069 417 3130 neque
432 3051 505 3109 inter
520 3049 667 3108 durissima
684 3066 751 3109 ossa
769 3050 984 3125 numerandum,
1000 3052 1090 3111 altero
1104 3060 1135 3103 oa·

170 3136 228 3210 pite
241 3137 267 3192 in
285 3153 330 3212 eo,
346 3134 422 3213 qnod
439 3134 530 3212 posui,
551 3132 644 3191 altero
660 3134 688 3190 in
706 3134 814 3208 exiguo
831 3135 893 3192 sinu
909 3135 1068 3211 pectoralis
1079 3127 1136 3189 ussit

170 3216 282 3290 insidit,
302 3216 473 3295 paulumque
490 3226 567 3275 motu
583 3214 693 3275 brachii
710 3226 858 3296 movetur,
883 3225 911 3276 et
927 3236 989 3276 cum
1004 3218 1062 3277 lato
1083 3223 1154 3272 oseti

170 3298 350 3377 scapularum
359 3299 433 3359 inira
448 3309 532 3378 caput
548 3300 610 3374 ejus
625 3301 722 3359 nervis
740 3307 768 3358 et
778 3297 947 3376 cartilagine
966 3299 1135 3359 connectitur.

231 3382 304 3442 Hinc
322 3381 457 3442 humerus
472 3384 587 3460 incipit,
605 3384 742 3442 extremis
758 3384 899 3462 utrimque
916 3383 1058 3461 capitibus
1074 3377 1134 3440 tuni·

169 3467 238 3543 dus,
257 3465 370 3543 mollis,
387 3467 449 3525 sine
462 3466 597 3544 medulla,
613 3460 851 3544 cartilaginosus:
866 3465 979 3527 medius
993 3477 1085 3540 teres,
1099 3459 1135 3521 lu·
