2384 3896
148 200 207 262 182
440 209 473 259 a.
490 209 518 259 e.
535 209 634 262 cuasa
648 209 843 259 mnrcrnnu

22 393 24 399 ’
146 368 322 446 singulorum
347 384 375 444 p.
402 366 458 445 )·(.
486 379 533 428 vt.
560 383 586 424 n.
611 364 717 442 nardi,
744 363 940 444 opobalsami,
961 365 1138 442 singulorum

146 471 173 532 p.
187 453 243 530 )·(.
256 465 302 511 vt.
315 470 339 510 a.
360 449 483 528 thlaspis
495 466 523 527 p.
536 451 593 528 )·(.
605 462 636 508 v.
649 467 691 508 aa.
707 448 814 508 radicis
825 451 959 528 ponticae
972 467 1000 526 p.
1014 449 1136 529 )·(.vn.

146 538 242 612 croci,
257 535 430 612 zingiberis,
449 535 634 608 cinnamomi,
651 533 830 610 singulorum
844 551 873 612 p.
885 534 942 613 )·(s
957 545 1034 596 Vin.
1065 533 1139 593 llaec

146 623 269 680 contrita
303 617 391 678 melle
417 617 615 696 excipiuntur,
649 624 678 676 et
704 617 845 678 adversus
872 633 1032 692 venenum,
1069 617 1139 695 qdod

146 703 365 781 magnitudinem
386 702 468 761 nucis
489 717 617 778 graecae
634 699 768 778 impleat,
790 720 828 761 ex
845 703 911 778 rino
930 700 1029 760 datur:
1053 704 1083 760 in
1097 719 1157 760 ceu

145 791 214 848 teris
230 796 323 848 autem
339 785 491 846 affectibus
517 785 649 862 corporis
670 801 724 863 pro
743 786 830 846 modo
854 803 971 860 eorum,
991 785 1047 844 vel
1070 785 1141 863 qnod

145 873 300 952 aegyptiae
312 871 407 946 labae,
420 869 468 930 vel
477 868 552 948 quod
566 869 627 928 ervi
635 869 855 946 magnitudinem
863 869 991 949 impleut,
1007 871 1082 930 satie
1092 877 1139 928 est.

459 1106 646 1168 CAPUT
679 1107 849 1168 XXIV.·

568 1227 716 1292 Deacopls.

211 1379 238 1437 l.
261 1378 363 1456 Acopa
381 1391 497 1456 quoqne
516 1379 596 1440 utilia
611 1381 707 1438 nervis
727 1386 806 1438 sunt:
828 1375 913 1455 quale
930 1378 1077 1456 estquod
1101 1377 1164 1436 han

147 1461 196 1521 bct
212 1461 292 1522 boris
310 1463 391 1540 junci
409 1462 523 1522 rotundi
539 1480 567 1539 p.
586 1463 642 1541 )·(.
659 1477 695 1523 11.
713 1479 755 1522 za.
781 1462 869 1535 costi,
892 1461 974 1535 junci
999 1461 1141 1540 quadran,

147 1547 218 1605 lauri
233 1545 403 1621 baccarum,
420 1548 603 1621 ammoniaci,
625 1546 814 1623 cardamomi‚
836 1544 1018 1621 singulorum
1045 1563 1077 1622 p.
1094 1545 1141 1624 )·(.

145 1642 209 1689 1111.
237 1649 262 1688 u.
288 1630 438 1706 myrrhae,
461 1631 538 1690 aeris
565 1629 722 1706 combusti,
748 1627 924 1707 singulorum
941 1647 969 1707 p.
997 1629 1061 1708 )·(.
1089 1641 1140 1688 vu.

147 1713 226 1772 iridis
241 1713 389 1788 illyricae,
407 1731 510 1789 cerae,
533 1714 710 1790 singulorum
727 1732 755 1792 p.
770 1715 826 1792 )·(.
848 1725 936 1773 11111.
959 1713 1142 1774 alexandrini

148 1795 266 1872 calami,
289 1798 369 1872 junci
388 1796 517 1874 rotundi,
543 1796 698 1875 aspalathi,
724 1797 933 1872 xylobalsami,
961 1797 1163 1874 singularunm

149 1897 176 1956 p.
194 1880 250 1959 )·(.
268 1894 390 1941 xxvnt.
408 1882 470 1940 seni
486 1899 514 1958 p.
531 1895 552 1940 1.
568 1883 706 1958 unguenti
721 1882 784 1941 irini
800 1880 942 1957 cyathum.

209 1962 238 2022 2.
259 1962 389 2024 Alterum
412 1964 489 2044 quod
508 1953 633 2036 εὐῶδες
652 1975 773 2042 vocant,
794 1965 852 2024 hcc
874 1963 961 2023 modo
983 1963 1033 2022 bt:
1060 1979 1141 2023 cerae

147 2066 176 2128 p.
193 2066 218 2106 n.
242 2047 301 2108 olei
316 2049 502 2123 tantumdem,
519 2050 634 2108 resinae
649 2049 859 2109 terebinthinae
874 2047 908 2106 ad
929 2049 1012 2106 nucis
1028 2047 1141 2124 juglans

147 2133 191 2192 dis
209 2133 445 2210 magnitudinem,
476 2133 558 2192 simul
578 2134 783 2210 incoquuntur;
811 2131 915 2192 deinde
945 2133 973 2190 in
1001 2131 1141 2190 mortario

145 2226 290 2291 teruntur,
307 2217 516 2294 instillaturque
533 2215 654 2276 subinde
669 2234 753 2294 qnam
771 2219 869 2295 optimi
885 2214 981 2274 mellis
1003 2215 1163 2276 neelahu-n

147 2301 218 2378 lnrn,
234 2309 291 2360 tum
307 2301 370 2360 irini
383 2301 536 2377 unguenti,
553 2308 583 2358 et
597 2316 683 2360 rusae
699 2302 771 2359 terni
789 2301 893 2376 cyathi.

209 2385 237 2446 3.
251 2375 427 2462 Ἕγχριστα
440 2393 534 2443 autam
552 2381 656 2443 Graeci
670 2393 776 2444 vocant
790 2383 912 2462 liquida,
935 2399 1011 2462 quae
1031 2383 1140 2443 illinun-

146 2477 206 2526 tur:
233 2468 317 2544 qnale
342 2477 387 2527 est
413 2468 490 2546 qnod
516 2468 548 2527 lit
575 2467 610 2527 ad
639 2468 738 2528 ulcera
762 2467 959 2546 purganda-et
984 2466 1141 2545 implenda,

146 2551 268 2609 unanime
291 2551 365 2610 inter
385 2569 509 2628 nervos,
535 2549 652 2630 paribus
673 2551 853 2630 portionibus
876 2552 951 2610 inter
975 2567 1008 2608 se
1039 2551 1141 2623 mixtis,

147 2633 259 2708 bntyni,
287 2634 431 2695 medullae
454 2635 605 2713 vitulinae,
630 2637 693 2694 sevi
713 2635 837 2711 vitulini,
859 2633 951 2712 adipis
973 2636 1164 2706 arnserinaazt

146 2733 249 2791 cerae,
265 2717 375 2794 mellis,
389 2720 503 2778 resinae
514 2717 739 2794 terebinthinae,
756 2737 859 2795 rosae,
876 2718 934 2778 olei
948 2718 1054 2776 cicini:
1073 2735 1142 2796 qnae

147 2801 303 2880 separatim
320 2804 413 2860 omnia
430 2802 590 2880 liquantur,
607 2801 711 2863 deinde
728 2804 834 2881 liquida
847 2803 1021 2877 miscentur,
1043 2811 1075 2861 et
1090 2811 1141 2860 tun

147 2885 228 2947 simul
251 2895 388 2946 teruntur.
425 2883 462 2946 Et
483 2886 539 2946 boo
560 2885 674 2964 quidem
696 2889 786 2964 magis
809 2897 929 2966 pungat:
960 2887 1141 2962 magisvero

147 2970 275 3047 emollit,
293 2972 316 3030 si
333 2989 384 3050 pro
401 2986 467 3030 rosa
481 2987 588 3048 cyprus
604 2970 767 3030 infunditur.

208 3057 238 3114 4.
261 3054 305 3114 hd
322 3073 435 3116 sacrorn
450 3056 695 3131 ignemzspnmae
712 3054 825 3131 argenti
849 3071 876 3132 p.
898 3054 954 3132 )·(.
975 3065 1025 3112 Vt.
1054 3063 1165 3112 cornua

61 3202 64 3207 ¹
147 3134 246 3194 bubuli
263 3138 405 3198 combusti
420 3157 448 3217 p.
471 3137 527 3216 )·(.
548 3149 608 3196 ΧΗ.
632 3146 833 3214 conteruntur,
855 3135 1050 3214 adjiciturque
1075 3135 1149 3196 iuri.

147 3219 333 3297 cemvinum,
350 3231 378 3281 et
393 3231 547 3296 murteum,
571 3220 665 3280 donec
687 3222 837 3300 utriusque
859 3221 933 3282 terni
951 3220 1052 3296 cyathi
1075 3234 1139 3281 cun-

143 3301 285 3378 J'iciantur.
