2392 3906
348 197 688 248 .mmfflm
1004 187 1041 246 51

46 360 152 432 potest
169 367 238 411 vere
255 359 284 410 et
299 361 416 413 aestate.
447 352 533 431 lsque
548 351 664 412 morbus
679 353 832 414 mediocris
853 354 901 413 rix
916 360 1045 420 sanatum

45 435 211 495 vehemens
226 436 319 495 sanari
333 453 390 496 nou
407 444 505 514 potest
522 434 617 516 (Apin.
634 435 661 495 tl
662 437 752 513 ,.42)
786 436 883 496 Omnis
898 437 981 496 etiam
996 435 1045 495 do·

42 519 95 579 lor
109 521 204 578 minus
219 518 377 580 medicinae
395 528 483 598 patet,
500 521 546 598 qui
559 538 669 580 sursum
680 519 822 597 procedit.
853 519 965 585 Mulieri
981 535 1045 595 gra-

42 601 146 678 vidae,
164 621 189 662 er
182 601 298 662 subito
313 620 450 664 mammae
467 607 676 680 emacruerunt,
692 602 809 694 abortps
829 603 987 682 periculum
1003 610 1048 662 est

21 684 148 766 t(Ap}u.
167 687 195 746 V
198 684 289 764 ,37).
324 687 405 761 Quae
427 704 521 765 neque
543 690 672 766 peperit,
693 673 998 765 neque‘gravidaest,
1023 687 1047 745 si

43 771 92 833 lec
108 769 215 847 habet,
241 787 257 830 a
275 771 428 830 menstruis
443 769 557 832 deiecta
575 780 619 830 est
635 770 730 850 (Apio.
748 773 784 846 V,
801 770 869 848 39)
902 771 1046 845 Quartana

43 853 222 914 autumnalis
245 853 309 914 fere
328 853 417 931 longa
437 863 497 916 est:
521 857 717 934 maximeque,
742 871 815 932 quae
837 857 935 933 coepit
953 853 1046 914 hieme

43 939 302 1018 appropinquante
325 935 420 1017 (Apta.
437 937 479 1014 ΙΙ,
498 938 630 999 at-ct.
650 957 677 1018 p.
692 939 733 1000 46
748 937 851 1015 235).
884 939 914 999 Si
930 939 1047 1013 sangnis

45 1021 203 1101 produxit,
226 1019 331 1082 deinde
345 1031 465 1100 sequuta
485 1031 530 1083 est
550 1020 689 1081 dementia
713 1038 775 1083 cnm
792 1021 963 1082 distentione
983 1037 1046 1078 uer·

11 1121 167 1185 rovorum,
195 1106 353 1184 periculum
371 1108 471 1166 mortis
495 1114 540 1166 est
560 1104 655 1185 (apt.
672 1107 709 1182 V,
730 1106 752 1168 3-
764 1115 793 1166 ει
810 1105 874 1183 vlt,
890 1105 922 1174 9;
951 1103 1045 1165 Coae.

52 1189 148 1266 332):
167 1190 309 1268 itemque,
332 1189 357 1250 si
371 1189 585 1250 medicamentis
600 1199 749 1268 purgatum
772 1198 801 1249 et
817 1189 909 1250 adbuc
924 1190 1046 1263 inanem,

48 1291 205 1334 nervorum
221 1273 354 1333 distentio
376 1275 525 1352 oppressit
547 1271 642 1352 (Apa.
661 1275 698 1348 V,
716 1274 768 1351 4);
791 1282 838 1333 εει
860 1274 926 1333 siin
941 1288 1047 1349 magno

45 1356 153 1416 dolore
176 1365 323 1418 extremae
349 1365 447 1436 partes
469 1357 576 1435 frigent
597 1357 652 1435 (ci.
669 1355 748 1435 Apb.
764 1356 835 1432 Vll,
851 1357 918 1434 26).
945 1355 1047 1434 Neque

43 1443 69 1500 is
91 1439 130 1500 ad
147 1441 233 1500 vitam
251 1440 336 1517 redit,
352 1441 400 1519 qui
415 1458 453 1500 ex
467 1439 635 1519 suspendio,
653 1449 802 1519 spumante
817 1458 884 1517 ore,
902 1439 1047 1500 detractus

12 1539 34 1578 rs
44 1533 91 1584 εει
101 1521 203 1603 (Apa.
220 1523 255 1602 11,
271 1523 338 1602 43).
367 1524 459 1584 Alvus
477 1526 567 1602 nigra,
584 1527 716 1602 sanguini
729 1534 791 1585 atro
812 1524 928 1601 similis,
943 1541 1047 1601 repen·

45 1611 121 1685 tina,
146 1610 210 1668 sive
236 1625 298 1667 cum
320 1606 417 1684 febre,
439 1609 501 1667 sive
524 1609 608 1668 etiam
629 1609 691 1668 sine
717 1608 771 1668 hac
794 1617 853 1686 est,
883 1609 1047 1688 perniciosa

46 1700 91 1750 est
105 1690 208 1770 (Apb.
226 1691 278 1766 IV,
294 1691 327 1752 21
342 1715 349 1760 ;
368 1689 462 1751 Coae.
479 1691 569 1768 596).

410 1929 592 1990 CAPUT
622 1929 690 1987 IX.

329 2049 331 2055 ’
350 2040 387 2089 De
403 2041 545 2090 morborum
564 2039 743 2089 curationibus.

8 2217 35 2259 n
107 2189 245 2269 Cognitis
259 2190 381 2270 indiciis,
401 2207 475 2270 qnae
490 2207 545 2250 nos
560 2189 608 2248 vel
625 2207 678 2267 spe
694 2189 891 2264 consolentur,
909 2188 956 2247 uei
971 2196 1048 2247 metu

44 2283 194 2351 terreant,
216 2274 252 2335 ad
272 2277 435 2338 curationes
455 2273 619 2334 morborum
640 2271 842 2332 transeundum
859 2279 912 2330 est.
942 2270 987 2331 Ex
1004 2272 1048 2331 his

50 2359 191 2438 quaedam
205 2376 369 2420 communes
382 2367 455 2436 sunt,
468 2355 607 2437 quaedam
619 2356 771 2434 propriae:
786 2373 961 2432 communes,
975 2373 1049 2433 quae

52 2443 181 2523 pluribus
203 2443 312 2504 morbis
333 2443 521 2523 opitulantur;
543 2441 695 2520 propriae,
717 2457 791 2518 qnae
806 2438 938 2516 singulis.
972 2439 1048 2515 Ante

48 2527 89 2588 de
105 2527 300 2587 communibus
316 2526 422 2587 dicam:
439 2545 476 2586 ex
492 2526 593 2604 quibus
606 2532 699 2584 tamen
712 2523 851 2601 quaedam
867 2541 925 2583 nou
941 2539 1049 2599 aegros

9 2610 157 2688 aceolum,
173 2611 226 2670 sed
242 2628 330 2672 sanos
344 2628 459 2688 quoque
476 2611 630 2677 sustinent;
648 2607 786 2686 quaedam
807 2610 836 2668 in
850 2607 974 2668 adversa
989 2616 1048 2665 tan-

44 2706 105 2756 tum
124 2693 292 2754 valetudine
312 2693 492 2754 adhibentur.
533 2692 622 2752 Omne
643 2709 714 2752 vero
743 2693 878 2752 auxilium
906 2692 1048 2769 corporis,

44 2787 96 2839 εει
116 2777 208 2838 demit
229 2778 350 2856 aiiqnam
367 2780 530 2851 materiam,
552 2785 598 2836 aut
613 2775 710 2852 adjicit
731 2775 795 2855 (De
807 2773 874 2853 flat.
891 2776 912 2851 ᾗ
930 2777 981 2854 1),
1002 2782 1049 2833 εει

43 2870 175 2936 evocat,
191 2870 238 2920 ant
252 2863 397 2940 reprimit,
419 2871 466 2922 ent
481 2861 651 2936 refrigerat,
672 2869 719 2920 eut
738 2860 886 2936 calefacit,
908 2858 1049 2936 simulque

42 2955 96 3007 aut
113 2946 214 3019 durat,
236 2953 283 3004 aut
297 2945 398 3006 mollit.
426 2945 571 3020 Quaedam
594 2961 651 3002 non
668 2960 724 3003 uno
747 2943 832 3004 modo
849 2951 971 3018 tantum,
998 2941 1049 3000 sed

10 3032 138 3092 aretiam
154 3027 266 3088 duobus
281 3030 355 3088 inter
374 3048 406 3088 se
427 3047 483 3088 non
505 3027 655 3088 contrariis
676 3026 818 3102 adjuvant.
848 3027 977 3087 Demitur
992 3043 1048 3084 ma·

44 3115 122 3174 teria
139 3111 289 3188 sanguinis
304 3112 497 3188 detractione,
520 3110 713 3186 cucurbitula,
736 3108 916 3187 dejectione,
932 3111 1048 3184 vomitu,

45 3198 204 3270 frictione,
219 3198 396 3272 gestatione,
414 3197 546 3273 omnique
563 3194 770 3254 exercitatione
788 3195 938 3272 corporis,
962 3193 1048 3254 absti-

46 3281 158 3356 nentia,
175 3279 291 3339 sudore.
314 3279 358 3338 De
374 3279 477 3357 quibus
494 3279 623 3357 protinus
640 3276 740 3338 dicam.
