2372 3892
420 205 701 259 fflmmu
873 255 878 263 ,
993 191 1054 253 m

33 361 98 422 alti
124 360 266 422 celebres
288 359 357 436 tiri,
376 359 481 436 singuli
505 357 644 438 quaedam
663 367 845 437 repererunt.
882 359 928 420 Ae
943 359 1053 419 Romae

36 463 174 524 quoque
197 463 255 505 nou
269 443 433 504 mediocres
454 443 655 521 professores,
675 445 854 520 maximeque
873 461 966 522 nuper
984 442 1053 516 Try·

36 529 136 608 phou
159 538 258 607 pater,
280 537 309 588 et
329 527 511 606 Euelpistus,
533 537 577 602 et,
604 537 633 587 ut
655 547 692 587 ex
714 528 830 605 scriptis
848 529 910 602 ejus
933 525 1066 602 intelligi·

37 620 172 690 potest,
197 610 298 672 horum
320 611 527 694 eruditissimus
554 611 674 688 Meges,
700 609 869 690 quibusdam
897 610 925 669 in
952 609 1054 670 melius

6 709 25 748 ⁵
40 696 186 772 mutatis,
201 695 373 775 aliquantum
391 713 419 754 er
434 695 602 773 drscrplrnae
618 695 796 770 adjecerunt.

12 787 19 805 “
115 778 196 840 Esse
213 789 306 840 autem
316 779 467 856 chirurgus
482 778 569 839 dehet
581 778 772 854 adolescens,
793 786 938 837 autperto
957 775 1053 836 adole·

42 865 188 922 scentiae
208 865 343 942 propior;
361 878 445 923 manu
468 872 599 940 strenua,
617 863 727 940 stabili,
743 879 798 922 nec
814 879 945 940 umquam
968 863 1053 920 intre-

43 949 215 1023 miscente,
237 963 331 1024 eaque
354 964 410 1006 non
426 947 516 1006 minus
538 948 668 1022 sinistra,
686 963 769 1024 quam
792 945 893 1005 dextra
910 953 1052 1021 promtum

45 1032 120 1090 acie
143 1030 294 1091 oculorum
316 1033 377 1090 aori
396 1031 548 1110 claraque;
575 1033 668 1091 animo
692 1029 865 1108 intrepidus,
888 1029 1054 1088 misericors

2 1128 34 1171 ιο
46 1115 116 1192 sic,
131 1123 164 1174 ut
179 1116 274 1174 sanari
298 1115 368 1175 velit
384 1133 464 1192 eum,
482 1133 565 1194 quem
582 1117 710 1194 accepit,
727 1131 785 1172 non
800 1123 830 1173 ut
846 1113 973 1174 clamore
992 1113 1055 1187 ejus

46 1207 152 1258 motus
167 1200 215 1259 vel
238 1200 346 1276 magis,
363 1216 446 1277 quam
469 1217 517 1258 res
532 1199 695 1274 desideres,
714 1206 870 1276 properet,
888 1196 936 1256 vel
952 1196 1054 1271 minus,

48 1300 143 1361 quam
167 1301 292 1342 necesse
317 1291 378 1359 est,
405 1292 501 1352 secet;
523 1284 574 1343 sed
596 1282 716 1361 perinde
732 1282 820 1342 iaciat
841 1282 951 1357 omnia,
972 1297 1006 1339 ac
1031 1279 1055 1338 si

48 1366 154 1426 nullus
175 1385 213 1426 ox
237 1367 381 1443 vagitibus
402 1367 520 1427 alterius
541 1367 663 1428 allectus
688 1369 805 1430 oriatur.
841 1365 942 1424 Potest
961 1373 1055 1425 autem

50 1451 184 1528 requiri,
201 1450 268 1528 quid
283 1451 348 1511 huie
366 1453 440 1529 parti
455 1453 574 1530 proprie
590 1449 788 1510 vindicandum
803 1451 854 1508 sit:
873 1451 939 1526 quia
955 1448 1054 1508 vulne-

6 1545 38 1585 ιδ
52 1551 120 1594 rum
136 1553 253 1614 quoque
268 1535 454 1613 ulcerumque
469 1535 621 1596 multorum
636 1535 817 1609 curationes,
835 1549 906 1609 quas
923 1532 989 1592 alibi
1004 1549 1054 1591 ex·

51 1627 176 1679 secutus
197 1637 275 1696 sum,
299 1619 425 1696 chirurgi
447 1619 502 1678 sibi
517 1619 671 1679 vindicant.
708 1617 773 1694 Ego
795 1616 925 1676 eumdem
941 1615 1054 1693 quidem
1154 1683 1158 1688 .

50 1701 200 1762 hominem
216 1719 306 1781 posse
322 1704 414 1763 omnia
437 1703 491 1763 ista
512 1712 661 1782 praestare
679 1701 829 1779 concipio:
853 1697 939 1777 atq'ue
954 1699 1001 1758 ubi
1023 1718 1055 1758 se

52 1787 233 1863 diviserunt,
265 1786 462 1863 eum-laudo,
484 1789 532 1865 qui
555 1787 789 1867 quamplurimum
815 1785 950 1863 percipit.
985 1784 1054 1861 lpse

53 1881 153 1930 auteur
170 1870 237 1931 huic
258 1873 332 1951 parti
352 1889 386 1931 ea
404 1871 522 1951 reliqui,
545 1873 572 1931 in
588 1869 691 1949 quibus
705 1870 808 1930 vulnus
831 1868 899 1930 iacit
914 1867 1053 1942 medicus,

10 1967 43 2006 20
54 1971 117 2014 nou
131 1955 252 2032 accipit;
269 1964 299 2015 et
313 1957 341 2014 in
355 1954 458 2034 quibus
473 1955 640 2014 vulneribus
652 1954 857 2031 ulceribusque
873 1952 937 2031 plus
953 1954 1054 2030 proisel

54 2055 158 2114 mauu,
174 2056 257 2116 quam
272 2039 494 2116 medicamento,
513 2039 617 2099 credo:
634 2048 692 2098 tum
708 2037 844 2116 quidquid
856 2036 892 2096 ad
906 2053 974 2096 ossa
990 2054 1054 2113 per·

54 2123 139 2181 tinet.
171 2123 253 2197 Quae
266 2124 406 2202 deinceps
422 2125 543 2201 exsequi
564 2122 735 2199 aggrediar;
756 2122 909 2197 dilatisque
931 2121 959 2178 in
980 2119 1054 2178 aliud

56 2205 194 2266 volumen
220 2207 348 2284 ossibus,
370 2208 399 2266 iu
420 2207 477 2266 lroc
499 2215 597 2266 cetera
625 2204 796 2284 explicabo;
820 2203 1054 2282 praepositisque

58 2291 115 2366 ils,
130 2308 203 2369 quae
219 2292 248 2350 in
269 2290 398 2369 qualibet
414 2292 648 2369 parte-corporis
668 2290 752 2365 liunt,
774 2287 809 2348 ad
827 2305 878 2362 aa,
895 2304 970 2365 quae
987 2302 1054 2364 pro·

15 2409 46 2450 25
60 2375 139 2454 prias
154 2374 241 2436 sedes
258 2374 380 2452 habeut,
396 2373 524 2435 transibo
544 2375 599 2453 (ci.
612 2375 644 2434 P.
659 2373 734 2450 Aeg.
752 2372 809 2449 Vl,
829 2371 873 2450 1).

432 2543 617 2604 CAPUT
655 2544 680 2601 I.

482 2661 518 2710 De
533 2661 634 2710 luxatis.

100 2800 227 2860 *Luxata
240 2797 385 2878 (Galliom
399 2795 793 2872 distorsions,dirtorrsi0ns,
806 2789 960 2872 entorses)
971 2794 1055 2868 igitur

61 2885 89 2942 in
106 2901 282 2961 quacumque
293 2892 375 2962 parte
389 2885 522 2961 corporis
534 2891 612 2955 sunt,
628 2888 831 2958 quamprimum
846 2881 888 2936 sic
900 2877 993 2935 curari
1006 2876 1054 2934 de-

23 2998 52 3038 30
61 2967 189 3044 bent,·ut,
204 2985 258 3045 qua
271 2967 357 3027 dolor
369 2975 423 3043 est,
437 2985 471 3027 ea
484 2965 626 3044 scalpello
640 2966 712 3022 cutis
725 2961 829 3021 crebro
842 2959 993 3035 incidatur,
1006 2958 1054 3018 de·
1083 2979 1092 3000 ·

62 3059 263 3130 tergeaturque
280 3050 383 3112 eodem
400 3067 504 3111 averso
521 3049 668 3128 profluens
685 3046 812 3122 sanguis.
830 3042 951 3118 Quodsi
967 3043 1055 3121 paulo

63 3135 166 3196 tardius
179 3134 361 3211 subvenitur,
371 3136 489 3212 Jamque
503 3137 586 3194 etiam
597 3129 684 3190 rubor
696 3139 756 3204 est,
769 3145 824 3208 qua
837 3127 919 3186 rubet
932 3144 1054 3206 corpus;

49 3218 88 3280 'si
109 3229 198 3279 tumor
222 3236 338 3298 quoque
361 3220 502 3294 accessit,
525 3231 703 3296 quacumque
732 3215 757 3272 is
779 3221 839 3290 est,
871 3211 899 3271 id
920 3213 1056 3288 optimum
1141 3259 1144 3264 ι
1181 3229 1182 3242 ¹

65 3304 194 3364 auxilium
210 3313 264 3364 est.
296 3303 367 3363 l'urn
383 3301 563 3382 superdanda
578 3299 762 3376 reprimentia
779 3307 857 3365 sunt:
875 3298 1055 3373 maximeque

29 3388 127 3453 calana
142 3387 258 3449 succida
277 3405 313 3446 ex
335 3396 420 3446 aceto
442 3395 472 3445 et
488 3385 566 3445 oleo.
604 3382 686 3458 Quod
703 3383 726 3441 si
742 3381 837 3440 levior
855 3385 879 3440 is
897 3397 981 3439 casus
999 3386 1053 3451 est,

65 3481 179 3554 pussant
201 3472 286 3534 etiam
305 3473 366 3532 sine
382 3470 541 3550 scalpello,
557 3467 691 3562 imposita
710 3466 810 3531 eadem
825 3464 949 3524 mederi:
967 3469 1009 3537 et,
1030 3462 1055 3524 ai
