2372 3892
364 183 786 254 mumolum¹
955 175 1016 248 Mb

9 335 84 396 ullo
104 317 248 414 perflatu,
274 335 414 407 labante:
439 348 469 399 et
490 357 579 419 super
599 341 684 400 imum
699 343 828 400 ventrem
848 344 911 418 eius
926 323 1015 421 impo-

8 420 119 480 nenda
135 421 199 480 lana
223 422 340 482 succida
355 425 384 482 in
404 432 489 484 aceto
504 433 533 482 et
550 441 619 484 rosa
633 425 731 484 tincta.
763 424 892 503 Reliqua·
905 428 1015 486 curatio

8 503 88 564 talis
107 521 173 564 esse
189 503 290 578 debet,
307 507 399 584 qualis
416 509 443 565 in
460 507 737 584 inflammationibus,
754 517 782 568 et
797 510 875 568 iniis
891 510 1014 570 vulneri-

8 586 93 664 bus,
113 605 187 665 quae
207 589 234 648 iu
251 593 385 651 nervosis
403 591 478 650 locis
495 599 573 668 sunt,
589 590 748 652 adhibetur.

344 755 527 826 CAPUT
558 759 688 820 XXX.

431 877 467 929 lle
486 879 528 928 aui
545 879 621 929 vitiis.

90 1015 119 1072 1.
140 1012 195 1072 Ani
217 1029 334 1090 quoque
356 1015 441 1092 uitia,
459 1013 507 1075 ubi
529 1015 744 1076 medicamentis
764 1033 821 1092 noq
850 1017 1010 1094 vincuntur,

9 1114 122 1157 manua
148 1097 282 1156 auxilium
299 1096 472 1158 desiderant.
502 1098 599 1176 Ergo,
618 1102 711 1178 siqua
726 1101 817 1160 scissa
837 1101 866 1158 iu
883 1117 919 1160 eo
934 1111 1013 1160 vetu-

11 1189 98 1242 stata
120 1179 323 1258 induruerunt,
344 1182 462 1259 jamque
485 1182 588 1242 callum
609 1183 730 1260 habent,
755 1184 1013 1244 commodissimam

12 1274 67 1324 est
82 1264 191 1324 ducere
207 1263 311 1341 alvum,
330 1273 386 1324 tum
405 1268 555 1343 spongiam
571 1266 691 1328 calidam
710 1267 920 1343 admoverant
938 1267 1011 1328 rela-

10 1357 129 1409 xentur
143 1347 201 1423 illa,
218 1349 337 1408 etiuras
354 1349 515 1427 prodeunti
540 1350 588 1410 ubi
610 1351 639 1409 in
662 1360 821 1430 conspeetu
837 1360 917 1426 suut,
940 1351 1013 1410 scal-

12 1433 104 1514 pello
120 1431 231 1508 singula
246 1432 382 1492 excidere
398 1442 427 1492 et
441 1432 539 1494 ulcera
560 1450 719 1503 renouare;
742 1434 844 1494 deinde
865 1435 1014 1512 imponere

10 1517 205 1576 linamentum
226 1516 331 1593 molle,
355 1525 383 1578 et
404 1535 492 1594 super
506 1517 653 1577 linteolum
669 1517 769 1578 illitum
782 1518 881 1585 melle;
906 1519 1012 1578 locum·

12 1619 77 1678 que
95 1617 160 1658 eum
172 1599 251 1660 molli
268 1599 331 1659 lana
348 1600 485 1678 implere,
503 1609 532 1660 et
547 1601 586 1660 ita
602 1601 727 1660 vincire:
745 1601 836 1661 altero
855 1601 918 1676 die,
935 1601 1012 1660 dein-

14 1684 155 1760 cepsque
172 1683 288 1760 ceteris,
305 1683 416 1744 lenibus
431 1683 646 1745 medicamentis
666 1685 720 1760 uti,
744 1703 818 1763 quae
834 1684 869 1744 ad
884 1685 1012 1744 recentia

13 1767 124 1827 eadem
143 1767 210 1826 vitia
232 1769 398 1827 necessaria
422 1785 507 1846 esse,
530 1769 601 1830 alias
618 1770 773 1846 proposui:
796 1778 826 1828 et
846 1770 943 1846 utique
957 1786 1012 1847 per

12 1852 132 1930 primos
148 1850 209 1909 dies
220 1850 426 1912 sorbitionibus
443 1869 506 1910 eum
525 1853 682 1920 sustinere;
700 1852 835 1931 paulatim
851 1852 953 1912 deinde
971 1853 1010 1912 ei·

12 1934 66 1994 bis
84 1934 213 2009 adjicere
230 1935 353 2013 aliquid,
376 1935 492 2012 generis
512 1944 605 1998 tamen
621 1937 701 2010 eJus,
725 1937 799 2014 quod
822 1936 924 1996 eodem
940 1936 1009 1996 loeo

12 2026 210 2096 praeceptum
236 2027 290 2078 est.
321 2019 351 2078 Si
367 2019 479 2097 quando
495 2028 587 2080 autem
611 2037 648 2077 ex
668 2020 887 2079 inflammatione
908 2038 962 2097 pus
984 2021 1012 2078 in

13 2103 66 2162 his
86 2104 193 2178 oritur,
209 2101 256 2160 ubi
271 2104 389 2179 primum
404 2103 432 2160 id
451 2105 597 2180 apparuit,
613 2101 792 2161 incidendum
807 2110 866 2169 est:
889 2121 924 2160 ne
940 2119 1010 2161 auus

12 2189 88 2264 ipse
105 2194 250 2262 suppuret.
279 2185 381 2263 Neque
395 2194 488 2246 tamen
504 2195 569 2245 ante
583 2184 793 2263 properandum
813 2194 873 2244 est:
892 2203 971 2259 nam,
988 2185 1012 2243 si

14 2268 140 2329 crudum
155 2269 273 2328 incisum
289 2277 350 2344 est,
365 2268 714 2330 inflammationismultum
729 2269 858 2342 accedit,
882 2277 910 2328 et
933 2269 1012 2346 puris

13 2352 168 2430 aliquanto
191 2352 312 2428 amplius
333 2355 500 2412 concitatur.
533 2353 585 2412 llis
611 2369 727 2431 quoque
746 2351 923 2425 vulneribus,
940 2351 1010 2409 leni·

14 2436 76 2495 bus
91 2434 174 2511 cibis,
192 2436 349 2513 iisdemque
364 2435 577 2496 medicamentis
598 2452 672 2512 opus
689 2444 743 2495 est.

87 2517 117 2576 2.
140 2518 178 2577 At
194 2517 359 2595 tubercula,
385 2537 458 2597 quae
483 2511 723 2598 uoudvio'puta
745 2517 942 2597 appellantur,
964 2516 1011 2576 ubi

12 2602 220 2679 induruerunt,
236 2601 291 2662 lrac
310 2603 422 2663 ratione
442 2612 575 2662 curantur
591 2603 637 2681 (P.
653 2601 729 2679 Aeg.
746 2602 794 2680 vl,
815 2603 888 2679 80):
920 2600 1011 2660 Alvus

14 2696 87 2747 aute
109 2687 203 2746 ournia
223 2685 348 2754 duellum
372 2695 430 2745 tum
449 2687 572 2746 uulsella
600 2686 778 2746 tuberculum
801 2685 1010 2764 apprehensum

11 2773 101 2846 juxta
121 2769 233 2831 radices
246 2769 428 2849 praeciditur.
462 2771 546 2846 Quod
562 2770 610 2830 ubi
628 2772 732 2830 iactum
755 2780 815 2845 est,
845 2769 944 2828 eadem
965 2787 1010 2828 se·

15 2862 159 2933 quuntur‚
184 2869 257 2930 quae
276 2870 362 2930 supra
384 2863 451 2931 post
473 2855 648 2914 curationem
675 2853 833 2913 adhibenda
857 2869 924 2910 esse
944 2868 1010 2927 pro·

17 2939 125 3018 posui:
158 2936 364 3012 tantummodo,
386 2939 410 2996 si
433 2938 500 3018 quid
523 2938 676 3014 increscit,
696 2952 813 3013 squama
835 2935 913 2994 aeris
927 2949 1010 2992 coer·

15 3022 210 3081 cendumest.

83 3105 113 3166 3.
138 3103 195 3164 Ora
210 3105 293 3163 etiam
308 3121 461 3179 venarum,
477 3102 621 3162 fundentia
637 3102 819 3177 sauguinem,
844 3101 887 3159 sic
907 3098 1010 3159 tollun-

14 3200 75 3250 tur.
107 3187 164 3249 Ubi
182 3188 329 3264 sanguini‚
346 3188 393 3265 qui
406 3185 512 3262 effluit,
529 3187 625 3246 sanies
641 3184 782 3261 adjicitur,
800 3184 880 3244 alvus
898 3183 1012 3244 acribus

16 3273 149 3339 ducitur;
171 3288 228 3349 quo
253 3272 345 3346 magis
361 3287 411 3330 ora
428 3277 665 3348 promoveantur:
682 3285 776 3346 eoque
791 3267 845 3343 fit,
871 3276 901 3327 ut
920 3269 1012 3327 omnia

18 3373 161 3418 venarum
187 3356 268 3434 quasi
294 3353 417 3432 capitula
444 3355 601 3432 conspicua
630 3354 695 3412 sint.
724 3352 799 3413 l’um·
818 3352 841 3412 si
858 3351 1011 3429 capitulum

19 3441 160 3518 exiguum
183 3447 240 3515 est,
262 3437 410 3515 basimque
435 3446 549 3498 tenuem
570 3435 675 3512 babet,
697 3435 930 3512 adstringendum
952 3433 1011 3492 lino
