2392 3906
137 223 177 288 88
243 244 244 250 ¹
435 227 509 276 nc.
527 227 623 275 ceusu
638 225 831 274 numerumn

140 409 222 469 quam
246 393 308 450 sitis
332 395 435 464 coget:
465 383 629 462 poteritque
651 380 789 441 abnineo
809 383 892 441 etiam
915 383 1065 460 pinguius,
1088 391 1137 442 aut

138 473 249 534 dulcius
267 473 327 533 dari
343 473 456 534 vinum;
474 467 579 544 poterit
594 463 700 542 semel,
717 475 764 524 aut
778 463 823 524 bis
838 467 981 544 interponi
996 483 1138 542 graecum
1181 489 1184 496 ·

70 619 76 636 Ι
138 557 244 617 salsum
260 557 314 635 (ci.
331 553 381 632 Ill,
400 552 464 630 16).
492 549 597 608 Contra
612 563 701 623 vero,
720 550 743 606 si
763 565 869 626 corpus
885 549 1024 628 profluet,
1046 548 1138 609 sudor

139 641 337 715 coercendus,
359 639 440 716 quies
453 631 611 694 adhibenda
626 631 692 699 erit;
711 631 839 691 tenebris
854 649 1026 712 somnoque,
1046 651 1138 710 quan·

137 715 300 801 documq'ue
323 722 418 795 volet,
441 715 586 782 utendum;
612 716 743 774 nonnisi
765 715 823 774 ieni
844 719 1007 793 gestatione
1025 733 1159 794 corpnss

138 807 320 884 agitandum,
335 814 362 864 et
376 821 428 881 pro
443 816 552 878 genere
564 799 630 858 mali
646 797 878 860 subveniendum.
903 799 974 860 Nam
990 801 1013 864 ei
1030 809 1141 860 venter

138 891 216 966 iiuit,
238 899 286 950 aut
308 891 331 947 si
354 883 516 945 stomachus
531 899 588 942 non
603 882 744 958 continet,
768 882 815 942 ubi
834 882 924 942 iebris
939 884 1090 958 decrevit,
1109 883 1140 942 ii·

137 973 278 1034 beraliter
288 978 405 1049 oportet
421 983 522 1044 aquam
536 965 661 1044 tepidam
675 967 755 1044 potui
771 966 855 1043 dare,
872 976 901 1026 ει
916 985 1031 1027 vomere
1045 983 1141 1043 cuge-

137 1075 185 1124 re;
211 1055 265 1114 nisi
284 1062 330 1113 aut
344 1053 462 1125 fauces,
480 1057 527 1109 aut
543 1047 731 1126 praecordia,
754 1059 801 1109 aut
815 1049 889 1108 lutus
906 1050 1002 1126 dolet,
1019 1059 1073 1111 aut
1093 1069 1140 1108 ve·

137 1150 182 1198 tus
206 1137 324 1197 morbus
346 1144 400 1194 εει.
436 1135 558 1192 sivero
581 1132 669 1191 sudor
690 1141 824 1209 exercet,
847 1133 971 1194 duranda
993 1135 1074 1192 cutis
1096 1142 1141 1192 εει
1149 1149 1167 1188 n

137 1225 229 1296 nitro,
246 1220 294 1279 vel
311 1219 393 1294 saie,
409 1233 483 1295 quae
500 1233 563 1275 oum
578 1216 645 1275 oleo
660 1218 829 1276 miscentur:
853 1219 926 1276 acsi
945 1217 1036 1276 levius
1052 1216 1085 1277 id
1104 1221 1141 1275 vi·

138 1306 205 1363 tium
224 1313 285 1380 est,
302 1302 371 1362 cieo
389 1317 497 1380 corpus
510 1299 685 1376 ungendum
699 1293 736 1358 ‘si
753 1298 962 1376 vehementius,
982 1317 1069 1375 rosa,
1094 1301 1142 1359 vei

139 1387 260 1463 melino,
276 1386 324 1445 vel
341 1394 470 1462 myrteo,
493 1385 538 1443 oui
552 1383 646 1442 vinum
661 1391 804 1454 austerum
819 1386 855 1443 eit
869 1383 1019 1460 adjectum.
1052 1383 1143 1458 Quis

140 1473 203 1548 quis
224 1479 317 1531 autem
339 1470 429 1529 tinore
450 1483 540 1544 aeger
556 1475 617 1541 εει,
638 1485 722 1544 quum
743 1468 866 1526 venitin
886 1467 1033 1543 balneum,
1057 1470 1143 1546 prins

139 1554 304 1631 ungendus,
321 1552 424 1613 deinde
441 1553 468 1611 in
482 1548 584 1610 solium
598 1549 786 1609 demittendus
800 1559 856 1609 est.
871 1552 902 1610 Si
913 1552 941 1610 iu
956 1559 1020 1610 cute
1035 1553 1139 1610 vitium
1149 1570 1167 1609 o

139 1646 200 1714 εει,
216 1637 319 1714 frigida
333 1653 463 1715 quoque,
483 1651 566 1711 quam
582 1633 674 1694 calide
690 1650 762 1710 aqua
779 1633 880 1693 meiius
896 1643 999 1694 utetur.
1026 1634 1089 1694 Ubi
1107 1633 1142 1694 ad

139 1721 234 1781 cibum
263 1730 376 1780 ventum
404 1727 463 1793 est,
491 1717 552 1775 duri
574 1714 661 1775 debet
686 1718 710 1775 is
731 1716 847 1792 valens,
869 1718 1007 1794 frigidus,
1028 1719 1139 1794 siccus,

139 1804 279 1883 simplex,
304 1806 351 1881 qui
378 1818 461 1880 quam
484 1799 595 1858 minime
619 1802 763 1879 corrumpi
783 1803 892 1879 possit,
920 1802 1001 1879 panis
1031 1809 1139 1876 tostus,

139 1905 208 1948 caro
225 1905 307 1962 assa,
330 1888 425 1946 vinum
440 1892 599 1957 austerum,
620 1882 668 1941 vel
689 1892 770 1942 certe
792 1882 1002 1953 subausterum;
1025 1885 1051 1943 si
1069 1904 1139 1944 ven·

138 1979 183 2113 {er
200 1970 342 2114 'dmm’
372 1967 507 2033 calidum
538 1967 563 2023 si
581 1964 703 2026 sudores
727 1976 846 2043 nocent,
873 1967 1034 2028 vomitusve
1064 1980 1167 2044 sunta

151 2071 207 2130 rrgr
229 2072 282 2114 um.
935 2071 939 2080 ’

471 2288 671 2350 CAPUT
703 2291 799 2350 VII.

288 2438 289 2442 =
330 2405 459 2464 Quomodo
471 2405 617 2469 pestilentes
629 2403 713 2453 febres
727 2404 808 2452 curari
822 2404 936 2454 debeant.

203 2557 231 2612 i.
252 2553 404 2613 Desiderat
426 2555 510 2613 etiam
531 2555 676 2630 propriam
697 2551 972 2615 animadversionem
994 2557 1022 2614 in
1045 2555 1135 2615 febri·

139 2639 193 2698 bus
218 2636 400 2713 pestilentiae
424 2653 516 2694 casus.
544 2635 576 2693 ln
597 2634 652 2694 hac
674 2637 786 2695 minime
806 2639 875 2698 utile
897 2647 957 2714 εει,
980 2647 1028 2697 aut
1045 2638 1166 2714 iame,zs

137 2729 185 2781 aut
202 2717 415 2777 medicamentis
429 2719 483 2792 uti,
499 2725 547 2776 aut
562 2717 669 2778 ducere
685 2713 787 2779 alvum.
805 2721 835 2781 Si
845 2713 927 2781 ‘vires
939 2723 1049 2796 sinunt,
1070 2740 1134 2781 san-

138 2804 254 2881 guinem
270 2803 382 2860 mittere
400 2802 536 2878 optimum
549 2809 606 2868 eet;
625 2804 837 2882 praecipueque
853 2806 877 2864 si
893 2804 1075 2864 cumdolore
1092 2805 1134 2863 ie·

137 2887 199 2947 bris
215 2892 260 2945 est
273 2883 327 2963 (ci.
344 2882 381 2958 ll,
399 2883 468 2958 10):
493 2885 518 2942 si
533 2883 560 2942 id
577 2902 676 2961 parum
695 2896 781 2946 tutum
795 2896 855 2963 est,
870 2887 918 2947 ubi
933 2887 1023 2948 iebris
1037 2887 1133 2946 levata

140 2980 198 3046 εει,
224 2969 329 3027 vomitu
351 2976 455 3046 pectus
475 2984 609 3045 purgare.
642 2969 700 3028 Sed
721 2971 749 3028 in
764 2970 820 3029 boc
836 2973 987 3048 maturius,
1006 2989 1092 3048 quam
1105 2974 1133 3030 in

138 3054 202 3113 aliis
218 3050 342 3126 morbis,
363 3051 469 3112 ducere
490 3051 519 3108 in
535 3050 666 3111 balneum
684 3070 758 3132 opus
777 3063 834 3122 est;
855 3056 950 3113 vinum
967 3054 1090 3114 calidum
1105 3063 1166 3112 etto

141 3137 282 3195 meracius
297 3133 384 3209 dare,
406 3143 435 3194 et
454 3135 546 3193 omnia
567 3134 725 3211 glutinosa:
750 3137 823 3197 inter
843 3155 916 3215 quae
931 3155 1047 3197 carnem
1063 3155 1132 3215 quo-

141 3237 197 3297 que
219 3220 334 3294 generis
353 3217 491 3292 ejusdem.
519 3217 663 3296 Namque
682 3220 806 3279 celerius
824 3221 962 3294 ejusmodi
979 3229 1132 3300 tempesta·

141 3311 186 3361 tes
202 3303 376 3380 corripiunt,
394 3319 429 3360 eo
444 3301 580 3361 maturius
596 3303 715 3378 auxilia,
731 3306 815 3363 etiam
832 3321 895 3362 cum
911 3303 1031 3382 quadam
1047 3314 1131 3364 teme·

140 3387 239 3460 ritate,
261 3384 397 3463 rapienda
416 3393 487 3443 sunt.
516 3385 600 3458 Quod
617 3388 640 3444 si
657 3404 729 3462 puer
744 3395 804 3461 est,
827 3390 874 3465 qui
888 3387 1015 3463 laborat,
1037 3405 1131 3466 neque

141 3478 247 3530 tantum
258 3468 347 3528 robur
361 3469 423 3542 ejus
440 3475 500 3543 est,
520 3477 549 3528 ut
565 3471 681 3545 sanguis
695 3470 766 3528 mitti
778 3470 886 3550 possit,
903 3470 1090 3532 cucurbitulis
1105 3472 1160 3530 eie
