2392 3906
151 197 191 258 58
447 204 849 256 mompsuestenum
923 219 928 243 ι

150 383 188 424 ex
202 365 314 424 ratione
331 363 394 437 ejus
409 361 604 434 accessionis,
620 377 693 438 quae
709 357 943 438 exspectabitur,
967 366 1016 418 aut
1030 359 1057 416 in
1073 364 1152 414 metu

150 465 206 506 nou
223 448 295 522 erlt,
310 446 453 506 aestimari
469 442 626 524 oportebit.

490 681 672 742 CAPUT
703 679 805 741 XIII.

564 799 600 848 De
624 800 728 851 vomitu.

211 954 250 1012 At
264 956 403 1027 vomitus,
427 958 456 1010 ut
474 953 504 1010 ln
518 950 645 1010 secunda
668 967 782 1027 quoque
798 947 960 1008 valetudine
985 965 1079 1024 saepe
1102 965 1170 1006 nes

150 1037 294 1096 cessarius
310 1036 420 1094 biliosis
436 1044 497 1111 est,
513 1037 555 1095 sic
571 1036 654 1094 etiam
670 1034 698 1092 iu
712 1035 746 1094 iis
760 1032 884 1108 morbis,
908 1048 982 1109 quos
997 1030 1066 1090 bilis
1084 1048 1151 1089 oon-

149 1121 255 1179 citavit.
289 1118 370 1195 Ergo
392 1117 537 1194 omuibus,
560 1120 692 1196 quiante
714 1117 814 1176 febres
833 1115 955 1175 horrore
978 1124 1007 1174 et
1022 1123 1152 1174 tremore

148 1210 305 1270 venantum
322 1201 465 1278 omnibus,
482 1203 531 1280 qui
544 1199 661 1262 cholera
676 1201 823 1270 laborant;
840 1199 970 1260 omnibus
984 1200 1071 1260 etlam
1088 1217 1150 1259 cum

149 1282 270 1363 quadam
289 1286 432 1346 hilaritate
453 1285 673 1354 insanientibus;
701 1295 730 1345 et
752 1284 889 1344 comitiali
908 1302 1024 1364 quoque
1044 1283 1150 1344 morbo

148 1370 299 1447 oppressis
315 1371 498 1430 necessarius
511 1379 570 1438 est;
591 1369 643 1430 sed
658 1371 682 1428 si
698 1379 798 1430 acutus
813 1368 930 1428 morbus
947 1377 1002 1442 est,
1021 1369 1045 1426 si
1058 1367 1151 1428 febris
1160 1383 1177 1420 o

148 1461 204 1527 est,
220 1453 417 1543 asperioribup
430 1453 642 1514 medicamentis
656 1469 728 1531 opus
739 1471 796 1512 non
808 1461 853 1512 est
859 1475 866 1522 ;
884 1454 957 1512 sicut
966 1452 994 1510 iu
1006 1451 1150 1527 dejectio·

148 1535 230 1594 nibus
243 1553 358 1615 quoque
371 1555 457 1616 supra
471 1538 576 1598 dictum
591 1545 651 1597 est:
670 1538 795 1614 satisque
811 1545 856 1598 est
872 1554 908 1598 ea
923 1537 1046 1596 vomitus
1063 1554 1151 1596 causa

148 1621 234 1694 sumi,
258 1637 332 1697 quae
353 1624 430 1680 sanis
452 1639 567 1700 quoque
597 1620 732 1682 sumenda
756 1638 823 1681 esse
845 1622 996 1698 proposui.
1035 1619 1078 1679 At
1106 1619 1151 1678 ubi

147 1703 227 1778 longi
248 1702 437 1781 ualentesque
453 1705 545 1765 morbi
560 1707 623 1764 sine
638 1704 721 1764 febre
737 1711 811 1778 suut,
829 1713 858 1763 ut
874 1703 1043 1780 comitialis,
1064 1714 1096 1762 ut
1112 1706 1149 1762 in·

148 1788 242 1862 sauia,
258 1796 375 1847 veratro
390 1807 506 1866 quoque
520 1789 587 1849 albo
602 1788 736 1848 utendum
752 1795 805 1846 est.
821 1787 853 1847 ld
868 1805 963 1865 neque
975 1787 1089 1858 hieme,
1103 1805 1148 1846 ne·
1161 1805 1174 1842 n

148 1887 203 1947 que
222 1879 330 1932 aestate
347 1881 427 1932 recte
442 1872 539 1939 dotum
558 1874 665 1950 optime
688 1890 773 1938 vero:
797 1870 989 1932 tolerabiliter
1003 1880 1148 1930 autumno.

148 1953 284 2030 Quisquis
299 1953 414 2015 daturus
429 1958 499 2031 erit,
521 1956 548 2014 id
564 1975 654 2032 agere
669 1965 734 2016 onte
750 1954 851 2032 debet,
873 1965 902 2014 ut
917 1957 1068 2032 accepturi
1087 1973 1149 2016 oor-

148 2055 202 2116 pus
217 2036 357 2096 humidius
373 2041 409 2098 sit
426 2040 481 2119 (of.
497 2037 576 2118 Aplt.
588 2040 640 2116 lV,
660 2040 724 2118 13).
747 2039 821 2100 lllud
832 2041 908 2100 eolre
921 2048 1048 2119 oportet,
1066 2058 1150 2102 omne

148 2121 289 2195 ejusmodi
303 2121 549 2200 medicamentum,
567 2124 642 2202 quod
655 2126 732 2204 potui
744 2124 835 2200 detur,
852 2142 910 2184 nou
922 2143 1039 2202 semper
1052 2127 1149 2201 aegris

147 2203 306 2283 prodesse,
322 2224 438 2287 semper
456 2211 533 2270 sanis
549 2227 658 2270 nocere
672 2208 727 2289 (cl.
743 2205 823 2288 Apt.
839 2208 876 2284 ll,
894 2207 943 2270 36.
959 2209 1028 2284 37).
1156 2220 1175 2258 tt

484 2483 666 2589 oseou
695 2527 804 2589 xrv.

554 2643 591 2692 De
607 2644 730 2694 frictione.

208 2791 252 2852 De
273 2791 407 2851 frictione
429 2809 500 2852 vero
517 2792 590 2854 adeo
606 2794 691 2855 multa
710 2796 922 2876 Asclepiades,
943 2807 1090 2876 tamquam
1109 2799 1147 2857 in·

145 2884 249 2936 ventor
264 2877 336 2951 ejus,
353 2877 448 2952 posuit
462 2876 491 2935 iu
506 2894 543 2936 eo
558 2878 712 2956 volumine,
729 2881 807 2959 quod
819 2879 1027 2942 Communium
1038 2880 1138 2942 Aucti-

145 2959 259 3018 liorum
274 2959 431 3037 inscripsit,
449 2967 494 3035 ut,
512 2978 596 3038 quum
611 2964 693 3022 trium
711 2971 817 3024 tantum
832 2965 943 3026 laceret
957 2968 1171 3038 mentionem&

144 3041 228 3114 hujus
245 3051 273 3102 et
289 3060 380 3120 aquae
397 3051 426 3101 et
441 3045 626 3121 gestationis,
646 3055 741 3106 tsmeu
755 3051 904 3109 maximam
920 3057 1030 3125 partem
1046 3051 1074 3108 in
1092 3049 1148 3109 hac
1167 3115 1172 3128 ¹

146 3128 345 3204 consumserit.
379 3125 502 3204 Oportet
525 3135 618 3186 autem
639 3148 733 3209 neque
755 3133 936 3192 recentiores
956 3134 1038 3192 viros
1062 3135 1091 3192 in
1112 3135 1146 3192 iis

144 3207 289 3286 fraudare,
305 3227 378 3287 quae
394 3211 441 3270 vel
457 3222 646 3288 repererunt,
665 3213 711 3273 vel
730 3223 811 3273 reote
826 3217 938 3293 sequuti
954 3225 1036 3284 sunt:
1061 3227 1092 3277 et
1106 3227 1145 3277 ta·

45 3316 50 3338 »
144 3307 210 3349 meu
225 3309 274 3366 ea,
294 3311 367 3371 quae
383 3294 458 3372 apud
474 3297 651 3373 antiquiores
667 3297 781 3375 aliquos
800 3301 893 3374 posita
910 3309 990 3374 suut,
1016 3302 1144 3361 auotori-

144 3373 198 3434 bus
215 3378 272 3435 suis
288 3376 421 3436 reddere.
452 3377 555 3456 Neque
571 3381 692 3442 dubitari
710 3389 820 3459 potest,
836 3384 903 3459 quin
919 3384 1002 3442 latius
1015 3385 1142 3462 quidem,
1150 3401 1171 3444 co

145 3467 174 3518 et
189 3459 348 3538 dilucidius,
363 3459 411 3522 ubi
427 3469 456 3522 et
470 3464 615 3541 quomodo
631 3464 768 3526 frictione
779 3465 912 3526 utendum
929 3477 1018 3542 osset,
1035 3468 1142 3530 Ascle·
