2396 3904
157 193 218 258 ³46
449 207 482 254 n.
498 205 528 256 c.
547 205 646 255 cunsn
661 203 854 264 annuemus

157 361 278 438 eminet,
296 359 404 438 triplex
424 375 459 419 ea
483 377 593 438 pannus
616 357 811 435 objiciendus,
829 357 936 417 eodem
955 358 1029 416 vino
1048 357 1151 417 etoleo

157 444 284 505 madens.
299 443 379 504 llaec
394 443 478 502 tertia
494 443 584 502 lasela
600 441 871 521 comprehendenda
887 450 974 516 sunt,
993 449 1151 519 quartaque

157 531 216 604 sic,
231 537 261 588 ut
277 543 393 606 semper
407 528 562 604 insequens
581 528 671 605 priori
687 528 809 587 adversa
824 527 878 602 sit,
898 534 929 584 ει
945 527 1038 584 tertia
1052 535 1151 584 tantun

155 615 184 674 in
207 611 345 672 inferiore
359 617 450 690 parte,
466 618 526 669 tres
541 611 568 668 in
583 611 735 689 superiore
749 611 894 670 liniantur:
914 610 986 687 quia
1003 609 1099 668 satius
1113 617 1151 666 est

157 699 274 776 saepius
289 695 428 769 circuire,
445 710 528 771 quern
543 693 697 771 adstringi:
715 694 854 772 siquidem
869 692 919 768 id,
949 692 1035 770 quod
1056 692 1166 752 ausu-t

159 790 233 842 ctum
250 789 311 855 est,
332 777 487 854 alienatur,
510 785 539 836 et
560 795 666 838 canoro
682 787 875 858 opportunum
895 785 952 836 est.
987 775 1149 836 Articulum

157 872 250 926 autem
265 880 348 942 quarn
362 861 475 920 minime
493 861 602 920 vincire
621 878 695 940 opus
710 871 770 922 est:
792 861 862 937 sed,
876 862 900 920 si
917 861 1009 935 juxta
1033 860 1150 920 bancos

156 949 277 1009 inactum
292 954 347 1022 est,
364 961 488 1004 necesse
504 951 558 1004 est.
591 944 755 1022 Deligatum
769 963 840 1004 uero
855 943 1020 1004 membrum
1035 946 1067 1003 in
1084 945 1149 1004 dien

156 1033 270 1091 tertiam
284 1027 485 1088 continendum
499 1036 557 1088 est:
574 1045 665 1107 eaque
681 1030 807 1088 vinctura
823 1028 887 1088 talis
906 1046 978 1087 esse
1000 1027 1110 1103 debet,
1126 1037 1149 1086 ut

179 1115 249 1172 rimo
269 1109 393 1170 dienilril
413 1111 579 1186 offenderit,
594 1130 650 1172 non
666 1121 759 1172 tamen
779 1113 845 1172 laxa
865 1114 927 1172 visa
943 1112 998 1179 εἰη
1021 1111 1169 1170 secundos

157 1131 263 1264 buton
281 1195 365 1254 tertio
378 1195 438 1269 lam
452 1213 547 1274 paene
560 1196 696 1256 resoluta.
719 1196 800 1273 Ergo
818 1205 875 1254 tum
886 1213 1005 1254 rursum
1019 1195 1053 1254 id
1068 1198 1147 1254 mein·

155 1279 236 1340 brurn
251 1277 448 1356 deligandum,
463 1278 683 1357 adjiciendaque
695 1279 840 1358 prioribus
859 1281 958 1357 quinta
980 1279 1079 1339 fascia
1095 1287 1145 1339 est:

155 1367 313 1441 iterumque
336 1365 434 1442 quinto
454 1363 501 1423 die
523 1363 725 1422 resolvendum
741 1373 803 1439 est,
826 1372 854 1422 et
872 1381 927 1422 sen
941 1362 1050 1422 insciis
1064 1362 1146 1422 inuol-

157 1449 277 1509 vendam
293 1448 351 1518 sic,
368 1456 397 1507 ut
412 1447 495 1506 tertia
512 1455 540 1506 et
552 1447 648 1525 quinta
665 1447 754 1521 inira,
769 1456 886 1506 ceterae
901 1464 994 1525 supra
1007 1447 1145 1506 uniantur.

157 1531 399 1608 Quotiescumque
415 1539 509 1590 autem
525 1530 645 1590 solvitur
659 1530 831 1606 membrum,
847 1529 1031 1609 calidaeque
1050 1531 1165 1590 loven-a

156 1615 221 1675 dunn
235 1624 287 1675 est.
315 1613 391 1689 Sed,
410 1616 433 1673 si
444 1615 527 1689 juxta
542 1613 690 1674 articulum
705 1615 831 1674 fractura
847 1623 908 1690 est,
933 1613 984 1673 diu
1011 1614 1144 1674 instillan-

156 1700 220 1760 dum
237 1702 331 1758 vinum
347 1706 408 1773 est,
425 1699 529 1774 exigua
545 1707 626 1778 parte
645 1698 702 1757 olei
719 1699 848 1773 adjectn;
873 1697 1039 1776 eademque
1058 1700 1144 1758 omnir

155 1781 303 1856 iacienda,
326 1781 419 1840 donec
433 1781 513 1841 ‘adeo
537 1781 718 1842 inflammatio
738 1782 882 1858 solvatur,
898 1791 928 1840 et
942 1783 1063 1842 tenuius
1083 1798 1142 1859 qno

157 1881 228 1943 que,
245 1881 328 1941 quam
342 1883 379 1924 cx
394 1866 612 1942 consuetudine,
627 1866 655 1926 id
673 1865 827 1926 membrum
843 1866 904 1926 liat:
923 1865 1003 1945 quod
1020 1867 1045 1924 si
1064 1867 1142 1943 septi·

155 1965 217 2007 nnus
229 1947 294 2007 dies
310 1965 366 2006 non
383 1949 476 2024 dedit,
493 1959 572 2009 certe
587 1967 678 2010 nonus
693 1950 826 2010 exhibet:
843 1959 900 2008 turn
917 1949 1065 2010 facillime
1081 1965 1162 2008 ossas
1186 1945 1188 1972 ⁴

154 2039 320 2092 tractentur.
350 2033 459 2092 Rursus
476 2050 559 2109 ergo,
576 2034 599 2092 si
624 2050 720 2110 parurn
738 2034 889 2093 commissa
906 2042 990 2110 sunt,
1011 2032 1143 2093 committi

156 2114 276 2175 debent:
294 2116 387 2194 siqua
403 2116 563 2192 fragmenta
580 2119 720 2194 eminent,
737 2119 765 2175 in
783 2135 848 2176 suas
866 2116 955 2176 sedes
976 2116 1142 2195 reponenda

155 2207 234 2260 sunt:
252 2199 354 2258 deinde
370 2198 471 2258 eodem
486 2200 572 2259 modo
587 2202 742 2260 membrum
754 2199 951 2277 deligandum,
973 2201 1142 2278 ferulaeque

156 2299 245 2361 super
271 2283 531 2342 accommodandae
558 2293 638 2361 sunt,
661 2303 734 2364 quae
758 2285 845 2344 fissae
861 2285 1141 2363 circumpositaeque

156 2382 223 2425 ossa
242 2365 269 2423 in
285 2383 335 2424 sua
353 2367 424 2426 sede
441 2369 620 2427 contineant:
635 2371 705 2427 etin
721 2386 804 2445 quarn
823 2376 932 2448 partem
956 2367 1089 2428 fractura
1109 2371 1162 2427 inu

123 2453 125 2456 '
156 2448 258 2521 olinat,
274 2447 310 2506 ab
323 2466 358 2508 ea
375 2449 460 2510 latior
475 2451 674 2529 valentiorque
691 2451 783 2510 ferula
801 2450 974 2530 imponenda
990 2461 1050 2511 est.
1079 2451 1141 2512 Eas·
1184 2441 1187 2586 Ι

155 2547 211 2607 que
234 2545 334 2590 ornnes
358 2533 436 2592 circa
457 2533 607 2594 articulum
630 2553 697 2594 esse
715 2543 832 2614 oportet
855 2535 996 2610 resimas,
1023 2553 1060 2595 ne
1075 2536 1141 2595 huuc

155 2612 285 2679 laedant;
310 2630 364 2672 neo
388 2615 461 2675 ultra
484 2617 639 2695 adstringi,
661 2636 744 2696 quam
764 2627 795 2678 ut
818 2636 886 2680 ossa
910 2621 1096 2679 contineant:
1117 2626 1141 2676 et
1184 2587 1186 2704 i

157 2711 242 2775 quum
258 2696 350 2773 spatio
367 2695 515 2772 laxentur,
532 2704 616 2760 tertio
634 2720 748 2781 quoque
767 2701 812 2761 die
826 2701 939 2780 paulum
952 2701 1078 2762 habenis
1090 2703 1140 2761 suis
1185 2765 1186 2768 ,

155 2779 312 2842 coarctari:
337 2797 386 2856 ac,
409 2781 433 2840 si
453 2782 531 2843 nulla
553 2788 688 2863 prurigo,
710 2785 804 2845 nullus
826 2784 910 2845 dolor
935 2794 1000 2861 est,
1026 2789 1069 2848 sic
1089 2801 1161 2845 man
1185 2781 1186 2824 ἒ

156 2883 244 2941 nene,
276 2865 370 2925 donea
398 2865 471 2926 duae
498 2877 597 2944 partes
619 2871 682 2944 ejus
704 2869 859 2946 temporis,
884 2885 940 2947 quo
958 2870 1098 2949 quodque
1111 2885 1138 2927 os
1183 2849 1186 2950 t*

155 2949 321 3026 conferret,
350 2951 561 3029 compleantur:
584 2962 688 3030 postea
710 2953 803 3012 levius
825 2971 899 3030 aqua
918 2952 1012 3012 calida
1032 2955 1136 3026 lovere,
1184 2953 1185 3010 l

154 3035 219 3109 quia
233 3035 323 3110 primo
341 3032 433 3111 digeri
446 3036 591 3094 materiam
607 3052 680 3114 opus
700 3045 761 3111 est,
776 3045 832 3095 turn
849 3036 977 3096 evocari.
1001 3036 1083 3114 Ergo
1097 3053 1136 3095 ce·
1183 3025 1185 3044 ⁴

153 3124 215 3173 rato
239 3133 354 3194 quoque
375 3117 483 3196 liquido
506 3118 533 3178 ld
556 3119 659 3178 leniter
677 3130 721 3179 ost
743 3119 922 3197 ungendum,
946 3119 1135 3196 perfricanda·

154 3214 210 3275 que
222 3213 328 3257 summa
346 3203 418 3259 cutis
434 3211 493 3270 est:
512 3202 663 3281 laxiusque
681 3204 708 3263 id
719 3202 910 3280 deligandum,
926 3211 955 3262 et
970 3207 1058 3264 tertio
1075 3219 1157 3282 quo-u

154 3299 210 3360 que
230 3279 276 3339 die
290 3279 460 3343 solvendum
474 3287 534 3361 sic,
552 3295 596 3362 ut,
625 3293 736 3346 remota
753 3286 844 3346 calida
859 3303 950 3363 aqua,
976 3295 1076 3347 cetera
1094 3303 1133 3345 ea·

154 3366 217 3426 dem
234 3365 315 3431 fiant;
334 3368 526 3428 tantummodo
549 3370 678 3447 singulae
702 3371 830 3446 fasciae,
853 3371 967 3448 quoties
995 3369 1131 3432 resolutae

153 3449 273 3528 fuerint,
293 3445 501 3509 subtrahantur.
