2384 3896
162 179 221 242 lat
447 183 855 236 mesammones

160 345 280 405 volnere
295 351 357 402 orta
372 350 426 418 est,
442 359 476 401 ea
491 357 548 400 nou
560 339 654 400 linitur
668 337 723 418 (ci.
736 335 816 416 Apio.
827 335 864 414 ll,
880 335 935 404 26:
953 334 1052 399 θυαε.
1067 335 1149 413 350).

160 429 292 490 Vomitus
317 442 433 505 quoque
456 424 579 484 biliosus
603 439 662 481 noo
681 420 874 495 voluntarius,
899 420 947 480 vel
970 421 1108 498 protinus
1125 427 1150 479 rt

160 527 318 594 percussus
340 520 384 569 est
406 507 527 586 aliquis,
551 506 601 566 vel
622 505 686 566 dum
710 504 889 565 inflammatio
911 512 1028 576 manet,
1053 503 1150 562 malou

161 599 273 674 signum
298 603 343 653 est
363 593 391 651 in
413 593 449 651 iis
468 589 630 666 dumtaxat,
656 604 775 666 quorum
801 587 848 647 vel
872 589 970 662 nervi,
999 586 1150 646 ueletiam

160 678 277 740 nervosi
297 675 355 737 loci
372 675 513 734 uulnerati
531 681 605 733 sunt.
628 673 739 749 Sponte
751 681 842 732 nmen
855 687 994 747 vomere,
1015 688 1077 730 uon
1088 670 1163 735 elie-r

160 779 225 824 oum
248 768 307 828 est;
336 758 494 836 praecipue
514 757 567 832 iis,
593 755 698 834 quium
718 755 748 814 in
771 753 979 814 consuetudine
1005 754 1079 814 luit:
1107 753 1150 812 sed

161 862 255 924 neque
275 843 406 922 protinus
426 848 495 918 post
515 839 626 915 cibum,
651 855 746 915 neque
764 839 824 913 jnm
839 837 1068 898 inflammatione
1086 845 1150 910 orta,

162 943 402 1070 oeqrppqulppupn
416 920 939 1086 :depfflfddegshgdrrddtt‘degtlidgdigzrtd
954 1003 1150 1082 aperiendum,

160 1086 360 1166 tergendaque
383 1087 482 1146 sanies
514 1101 553 1144 ox
574 1101 646 1163 aqua
662 1085 768 1164 frigida
784 1095 849 1166 est,
875 1086 1042 1164 eademque
1060 1097 1170 1148 rursusi·

160 1172 314 1250 injicienda
334 1180 408 1230 sunt.
445 1172 550 1246 Quinto
570 1172 631 1247 jam
646 1170 708 1248 dte,
731 1181 835 1250 quanta
855 1171 1043 1232 inflammatio
1066 1173 1151 1231 intua

161 1266 222 1333 est,
237 1273 270 1316 se
286 1254 421 1316 ostendit.
456 1256 521 1330 Quo
536 1255 601 1331 die,
620 1273 720 1314 rursus
733 1255 849 1316 detecto
865 1254 1006 1332 vnlnere,
1023 1255 1151 1316 conside

160 1340 265 1400 candus
288 1338 372 1399 color
393 1348 452 1400 ost:
482 1340 576 1417 quisi
598 1338 718 1414 lividos,
744 1347 793 1399 aut
813 1338 952 1418 pallidus,
975 1347 1029 1398 aut
1050 1339 1151 1410 vomas,

162 1433 208 1484 aut
222 1424 382 1500 uigerent,
394 1423 485 1488 ‚scire
499 1423 569 1482 licet
582 1423 685 1482 malum
700 1421 802 1482 vulnus
817 1440 898 1491 esse;
922 1421 1012 1500 idque
1030 1421 1150 1501 quando·

161 1525 283 1586 cumque
297 1506 525 1566 animadversum
540 1515 604 1583 est,
621 1514 734 1566 terrere
749 1522 805 1566 nos
820 1515 927 1584 potest.
965 1504 1096 1581 Album,
1111 1512 1170 1566 autur

160 1589 345 1651 rubicundum
357 1607 433 1666 esse,
446 1589 706 1650 commodissimum
717 1584 771 1650 est.
787 1588 857 1649 ltem
866 1589 938 1649 cutis
946 1589 1033 1665 dura,
1046 1605 1149 1663 emesa,

157 1675 278 1749 dolens,
300 1674 459 1751 periculum
479 1673 619 1734 ostendit:
641 1673 717 1734 bona
738 1673 819 1750 signa
834 1681 913 1748 sunt,
936 1673 986 1733 ubi
1001 1671 1149 1734 neeesse

160 1757 279 1832 dolore,
297 1757 392 1815 tenuis
413 1765 442 1816 et
462 1757 558 1817 mollis
580 1764 634 1816 est.
669 1755 727 1816 Sed
749 1759 773 1816 si
794 1755 948 1834 glutinatur
963 1756 1092 1833 uulnus,
1111 1763 1149 1814 aut

154 1839 265 1899 ·leviter
280 1839 422 1916 intumuit,
438 1839 540 1901 eadem
548 1849 624 1900 eunt
637 1839 810 1919 imponenda
826 1857 900 1918 quae
915 1841 1010 1918 primo
1025 1840 1147 1903 inerunt:

160 1925 184 1982 si
209 1922 309 1999 gravis
334 1923 514 1984 inflammatio
543 1933 602 2000 est,
633 1941 729 2002 neque
755 1923 913 2000 glutinandi
934 1939 1007 2000 spes
1031 1932 1094 1999 est,
1121 1935 1170 1980 eat

121 2027 123 2033 ·
161 2023 234 2084 quae
256 2022 309 2083 pus
325 2014 475 2078 moveant.¹
502 2007 624 2085 Jamque
639 2025 732 2086 aquae
748 2024 863 2086 quoque
879 2005 992 2066 calidae
1018 2021 1148 2067 necessa·

159 2092 219 2149 rius
239 2107 307 2148 usus
329 2099 390 2164 est,
414 2098 442 2149 ut
462 2099 491 2150 et
511 2091 658 2154 materiam
672 2090 801 2168 digerat,
823 2099 852 2150 et
870 2089 1001 2150 duritiam
1018 2089 1149 2161 emolliat,

161 2183 189 2233 et
200 2190 254 2252 pus
270 2175 350 2237 citet.
374 2173 417 2232 Ea
432 2175 475 2232 sic
491 2173 676 2251 temperanda
692 2182 752 2250 est,
768 2183 797 2234 ut
811 2191 895 2234 mauu
911 2173 1101 2250 contingenti
1112 2173 1149 2246 ju

160 2257 253 2317 cunda
274 2258 325 2324 sit;
350 2266 378 2316 et
394 2275 486 2335 usque
503 2273 540 2317 eo
557 2256 734 2334 adhibenda,
758 2256 853 2318 donec
867 2255 973 2334 aliquid
987 2275 1029 2316 ex
1045 2267 1150 2316 tumore

160 2340 305 2415 minuisse,
318 2339 507 2418 coloremque
519 2340 610 2400 ulceri
620 2341 712 2418 magis
723 2338 882 2402 naturalem
889 2339 1055 2402 reddidisse
1064 2339 1171 2400 videa-t

161 2431 223 2482 tun
240 2422 309 2482 Post
323 2423 351 2482 id
366 2423 539 2500 lomentum,
556 2424 653 2484 silate
669 2425 756 2502 plaga
771 2441 829 2484 uon
846 2430 941 2504 patet,
962 2424 1078 2502 imponi
1094 2439 1151 2502 pro

160 2508 236 2565 tinus
258 2506 443 2583 emplastrum
464 2506 564 2575 debon
587 2509 782 2586 maximeque,
805 2508 829 2566 si
850 2507 959 2585 grande
979 2508 1090 2570 uulnus
1106 2513 1151 2582 est,

160 2586 419 2664 tetrapharmacum
436 2590 507 2666 (19,
529 2591 581 2669 9);
606 2593 629 2650 si
645 2592 675 2652 in
694 2591 839 2667 articulis,
867 2591 980 2668 digitis,
1002 2592 1083 2652 locis
1100 2608 1152 2650 oar-

125 2688 128 2692 ·
160 2670 336 2746 tilaginosis,
359 2670 507 2749 rhypodes
524 2675 594 2751 (19,
612 2677 684 2754 15):
706 2685 735 2735 at
751 2676 775 2734 si
791 2674 875 2738 latius
891 2675 967 2752 lriat,
991 2675 1073 2736 idem
1091 2670 1153 2734 illud

161 2753 347 2831 emplastrum
368 2754 470 2833 liquari
490 2774 528 2816 cx
551 2759 625 2818 irino
648 2767 793 2835 unguento
814 2766 947 2836 oportet,
969 2773 1073 2836 eoque
1089 2757 1173 2816 illitas

160 2838 313 2899 linamenta
339 2838 455 2917 disponi
484 2859 538 2919 per
563 2840 694 2918 plagam;
724 2841 829 2902 deinde
855 2841 1046 2919 emplastrum
1072 2854 1152 2918 supm

160 2922 238 2999 dari,
267 2931 296 2983 ει
319 2941 409 3002 super
433 2922 462 2982 id
482 2924 627 2985 succidam
651 2925 759 2986 lanam:
789 2925 940 3004 minusque
963 2926 1053 2986 etiam
1076 2938 1151 3003 man

160 3007 268 3082 primo,
286 3007 395 3068 fasciae
410 3007 634 3084 adstringendae
649 3018 723 3068 suot.
771 3035 776 3044 ·

223 3087 272 3148 28.
285 3088 416 3169 Proprie
431 3091 572 3170 quaedam
589 3091 617 3150 in
632 3092 762 3154 articulis
778 3093 896 3153 visenda
909 3099 984 3152 sunt.
1007 3089 1042 3150 lu
1055 3089 1151 3170 quihus

161 3170 185 3226 si
201 3173 326 3246 praecisi
342 3175 423 3233 nerui
442 3184 523 3250 sunt,
549 3177 597 3253 qui
613 3175 814 3252 continebant,
833 3175 968 3238 debilites
984 3175 1051 3250 ejus
1067 3173 1172 3257 pardae

162 3253 301 3328 sequitur.
337 3255 367 3312 Si
390 3255 419 3315 id
435 3257 550 3317 dubium
568 3267 630 3335 est,
651 3269 734 3320 etex
751 3269 835 3320 acuto
852 3259 912 3320 telo
928 3259 1019 3337 plage
1034 3267 1097 3332 est,
1120 3271 1148 3314 oa

161 3345 327 3396 transversa
349 3340 527 3400 commodior
541 3351 601 3402 est:
623 3343 648 3402 si
663 3360 701 3402 ex
715 3352 815 3420 retuso
829 3352 860 3402 ει
875 3343 975 3420 gravi,
1003 3339 1147 3400 nullumiu

161 3417 254 3496 figura
276 3419 429 3480 discrimen
450 3432 508 3492 est;
536 3425 588 3486 sed
601 3425 762 3500 ¹videndum
783 3436 845 3502 est,
869 3443 924 3504 pus
942 3442 1031 3502 sopra
1053 3423 1146 3484 articu-
