2384 3896
136 163 194 224 174
428 174 507 224 mc.
523 171 832 222 csmrnaorcmnn

133 332 185 392 sed
206 333 235 392 in
250 333 335 411 copia
350 327 510 405 rejicienda
524 337 603 396 sunm
627 327 662 388 iis
680 331 777 408 potius
792 327 942 404 adhibitis,
967 347 1046 408 qnae
1064 345 1137 408 pro·—

135 419 197 494 prie
219 417 246 476 id
262 415 338 496 quod
354 431 390 473 eo
405 422 535 491 tempore
551 429 625 489 opus
639 421 701 488 est,
726 421 948 491 consequuntur.
988 413 1130 492 Exempli

31 553 33 560 ,
133 494 1129 578 cansaduoproponam.Estigituradvulnerahttalum(Attalicum‘l

131 615 175 630 ·-
186 583 223 644 cl.
236 583 299 643 Gal.
313 582 345 641 S.
359 579 423 656 ml,
437 580 507 657 17);
527 579 604 656 qnod
617 579 704 640 habet
715 597 851 660 squamae
864 583 940 640 aeris
950 581 1046 660 p.)-(.
1056 593 1128 640 xvi.

132 669 202 725 tnrts
213 667 342 744 fuliginis
356 685 384 745 p.
397 665 453 743 )·(.
467 677 524 722 xv.
540 664 709 723 ammoniaci
720 664 904 741 tantumdem,
920 665 1038 724 resinae
1050 673 1151 724 tere-s

132 749 277 810 hinthinae
292 749 417 828 liquidae
433 767 462 827 p.
479 747 534 825 Η.
551 759 632 806 xxv.
649 749 711 808 sevi
725 749 826 808 taurini
842 747 1033 823 tantumdem,
1050 747 1131 808 accii

131 833 260 894 heminas
277 843 353 908 tres,
370 832 427 891 olei
444 833 609 892 sextarium.
632 831 671 890 ht
685 833 759 890 inter
774 848 819 906 ea,
836 849 910 910 qnae
924 832 1017 890 lracto
1035 831 1131 909 capiti

132 918 397 992 accommodantur,
421 915 527 974 hubent
546 914 659 992 quidam
683 915 727 990 id,
751 916 829 994 quod
853 915 887 974 ad
909 924 1063 974 auctorem
1077 915 1130 974 lu·

132 1000 232 1060 daeum
248 1001 373 1060 relertur
388 999 443 1076 (cl.
459 999 575 1074 Aetius,
593 997 662 1075 XV,
681 1001 745 1078 14).
780 998 899 1058 Constat
913 1017 950 1060 ex
964 999 1026 1058 his:
1055 997 1130 1057 salis

132 1103 161 1162 p.
179 1085 234 1160 )·(.
250 1097 295 1142 lv.
318 1099 453 1161 squamae
468 1083 544 1141 aeris
558 1081 650 1160 rubri,
672 1085 748 1142 aeris
765 1083 920 1159 combusti,
941 1081 1156 1162 singulorum„

132 1185 160 1244 p.
178 1167 233 1245 )·(.
249 1179 310 1227 ΧΠ.
332 1166 500 1226 ammoniaci
519 1165 725 1240 thymiamatis,
754 1168 825 1226 turis
839 1165 984 1243 fuliginis,
1005 1167 1127 1226 resinae

132 1249 244 1326 aridae,
267 1250 444 1327 singulorum
461 1249 648 1327 p.)·(.xv1.
669 1253 784 1310 resinae
800 1249 1048 1327 colophoniacae,
1077 1267 1127 1309 ce-

51 1397 62 1416 ·
131 1349 198 1408 rae,
224 1335 286 1392 sevi
297 1334 408 1393 vitulini
420 1333 525 1408 curati,
545 1333 723 1410 singulorum
739 1351 767 1412 p.
777 1336 830 1414 )·(.
843 1346 900 1393 xx.
917 1325 991 1394 aceti
1008 1335 1126 1412 sesqui-

133 1416 264 1494 cyathus,
277 1417 334 1478 olei
350 1419 441 1476 minus
457 1415 571 1492 cyatho.
613 1416 717 1477 Curata
732 1427 851 1494 vocant,
876 1435 960 1495 quum
976 1435 1015 1476 ex
1036 1435 1126 1491 sero,

133 1511 214 1580 puta,
232 1519 332 1562 omnes
346 1499 558 1561 membranulae
577 1499 732 1578 diligenter
746 1511 899 1580 exemptae
916 1509 990 1560 sant.
1133 1519 1154 1558 rs

193 1585 241 1644 12.
268 1587 339 1645 Sunt
362 1587 445 1644 etium
466 1582 605 1662 quaedam
620 1585 773 1664 emplastra
791 1585 899 1644 nobilia
916 1585 951 1644 ad
966 1583 1128 1644 extrahen-

131 1667 212 1742 dum,
228 1685 302 1746 quae
315 1671 380 1746 ipsa
391 1686 506 1747 quoque
521 1661 739 1730 ἐπισπαστικά
749 1671 928 1728 nominantur
941 1666 1020 1745 (ml.
1038 1667 1076 1728 S.
1087 1667 1121 1727 G.

130 1749 186 1823 Vl,
204 1752 274 1829 13):
296 1751 382 1828 quale
398 1751 549 1829 estquod,
565 1754 630 1830 quia
644 1751 715 1811 lauri
730 1752 836 1812 baccas
848 1751 952 1826 habet,
968 1743 1023 1812 dccl
1040 1749 1123 1830 dup-

130 1831 236 1893 vldcv
250 1834 423 1912 appellatur.
446 1833 477 1894 ln
488 1851 526 1894 eo
542 1845 600 1912 cst,
617 1838 731 1896 resinae
743 1835 952 1896 terebinthinae
969 1837 1123 1914 p.)-(.1.

131 1918 211 1991 nitri,
233 1935 337 1993 cerae,
362 1919 435 1997 picis
458 1919 572 1996 aridae,
600 1918 753 1979 baccarum
776 1920 861 1996 lauri,
889 1919 1152 1997 singulorumque

130 2001 185 2079 )·(.
202 2014 258 2060 xx.
276 2002 334 2060 olei
352 2003 475 2080 paulum.
514 2003 635 2077 Quoties
650 2013 697 2062 ant
711 2003 846 2079 baccam,
869 2011 918 2062 act
932 2020 1054 2078 nucem,
1076 2011 1122 2062 ant

131 2084 223 2144 simile
245 2085 351 2164 aliquid
374 2103 519 2164 posuero,
548 2088 624 2145 scire
646 2086 807 2164 oportebit,
835 2096 987 2164 antequam
1008 2103 1121 2166 expcn-

130 2167 225 2244 datur,
251 2170 278 2228 ei
294 2187 428 2230 summam
443 2170 608 2249 pelliculam
626 2189 694 2230 esse
709 2171 885 2230 demendam.

194 2253 241 2314 13.
269 2253 354 2312 Aliud
375 2253 478 2314 eodem
498 2255 627 2331 nomine,
656 2254 732 2333 qnod
754 2257 816 2333 puri
836 2269 952 2332 quoqne
973 2254 1121 2314 monendo

130 2346 184 2396 est.
229 2338 298 2396 Sevi
323 2337 446 2413 vitulini,
473 2339 641 2397 ammoniaci
666 2338 872 2413 thymiamatis,
902 2337 990 2415 picis,
1019 2355 1151 2412 ceratam

128 2421 212 2494 nitri,
225 2419 378 2480 baccarum
394 2421 483 2497 lauri,
499 2423 613 2481 resinae
624 2421 735 2498 aridae,
752 2420 974 2498 aristolochiae,
991 2421 1122 2499 pyrethri

128 2520 216 2578 pares
235 2506 393 2580 portiones.

192 2587 239 2644 14,
269 2585 387 2645 Praeter
409 2586 482 2648 haec
505 2597 550 2647 est
565 2588 751 2657 Philocratis;
776 2588 852 2666 quod
872 2587 959 2647 habet
973 2587 1044 2647 salis
1065 2607 1121 2647 anr-

127 2669 249 2731 moniaci
267 2687 296 2746 p.
310 2671 365 2748 )·(.
379 2683 439 2728 vn.
457 2671 662 2732 aristolochiae
678 2675 862 2751 p.)·(.v111.
878 2689 984 2747 cerac,
1003 2672 1121 2730 resinae

128 2751 351 2829 terebinthinae,
366 2749 493 2830 fuliginis
508 2756 595 2832 tauris,
611 2755 787 2832 singulorum
803 2774 832 2834 p.
849 2757 904 2834 )·(.
923 2767 979 2814 xv.
997 2771 1151 2832 spumaenr

127 2839 239 2914 argenti
256 2857 283 2916 p.
302 2837 357 2916 )·(.
374 2851 485 2897 xxx11.
509 2839 628 2915 Quibus,
643 2849 673 2898 ut
685 2855 865 2917 pusqnoqnc
878 2847 1022 2915 moveant,
1039 2838 1121 2897 iridis

128 2941 155 3000 p.
173 2923 227 3000 )·(.
244 2935 289 2981 tv.
306 2930 335 2981 et
349 2921 465 3000 galbani
482 2940 511 3000 p.
529 2923 584 3002 )-(.
600 2935 646 2982 vl.
662 2923 840 2998 adjiciuntur.

192 3007 239 3065 15.
277 3005 419 3084 Optimum
440 3015 534 3066 tamen
560 3006 595 3065 ad
619 3007 825 3066 extrahendum
852 3006 967 3080 estid,
997 3005 1118 3083 quoda

127 3087 309 3147 similitudine
329 3089 452 3150 sordium
472 3085 624 3168 §occidar
642 3089 745 3150 Graeci
759 3090 908 3168 appellant
930 3089 1011 3168 (ilai.
1029 3088 1062 3150 S.
1079 3088 1115 3148 G.

126 3167 173 3243 11,
187 3170 229 3247 i).
251 3171 345 3236 Habet
357 3173 505 3250 myrrhae,
523 3175 617 3249 croci,
636 3174 731 3248 iridis,
747 3175 891 3253 propolis,
907 3173 1017 3248 bdellii,
1036 3175 1148 3250 capi-as

127 3252 248 3312 tulorum
272 3257 368 3332 punici
388 3257 469 3332 mali,
491 3257 620 3316 aluminis
642 3267 670 3317 et
689 3258 811 3317 scissilis
832 3267 862 3316 et
881 3257 1011 3333 rotandi,
1032 3257 1115 3330 misy,

127 3336 302 3413 chalcitidis,
318 3342 467 3400 atramenti
484 3342 582 3400 sutorii
600 3343 693 3416 cocti,
711 3343 908 3420 opopanacis,
923 3337 994 3400 salis
1009 3357 1113 3399 ammo

125 3422 215 3500 uisci,
249 3421 336 3500 visci,
369 3423 549 3500 singulorum
575 3441 603 3502 p.
629 3425 751 3502 )·(.1v.
778 3425 982 3512 aristolochiae
1005 3441 1035 3502 p.
1055 3424 1112 3502 )·(.
