2372 3892
172 176 234 242 312
467 184 872 236 numulariorum

172 343 197 404 si
212 342 240 400 iu
258 341 369 419 primo,
384 341 461 420 quod
477 349 523 402 est
537 341 700 418 augustius,
714 339 853 416 inbueret,
868 336 977 400 eodem
984 346 1117 400 umerum

173 427 235 487 sine
253 423 311 486 ulle
325 442 402 486 nors
414 425 556 511 educitur.
587 425 626 484 At
637 427 665 484 in
679 423 836 501 uujoribus
858 421 982 483 eeloulis
997 422 1120 482 recessui

172 508 274 572 eedem
292 509 404 568 curatio
420 517 475 570 est.
505 507 565 568 Sed
579 507 683 584 virgini
699 507 803 582 subjici
822 507 905 583 digiti
942 514 1069 583 temquun
1086 521 1121 562 ur

172 592 273 667 sculo,
289 591 401 652 mulieri
415 609 470 670 per
484 589 614 652 naturale
634 591 698 666 ejus
713 591 829 651 debent.
843 589 916 650 uum
932 588 1034 665 virgini
1046 587 1122 666 quiden

172 675 226 736 sub
242 676 297 736 ins
314 675 494 736 sinisteriore
509 691 575 743 ors;
593 673 705 734 mulieri
720 691 793 734 sero
804 673 993 734 interminae
1006 673 1064 745 iter,
1075 679 1133 730 etot

172 758 258 839 pubis
273 757 453 818 incidendum
466 766 512 819 ert
525 760 588 832 sic,
614 766 645 818 ut
668 765 791 836 utroque
808 757 877 818 loco
895 756 987 836 plaga
1002 765 1124 814 transiens

172 845 220 903 sit.
256 841 361 919 Neque
385 843 490 902 terreri
512 841 667 918 convenit,
686 842 712 901 si
736 841 802 920 plus
825 857 864 902 ex
878 837 1017 902 muliebri
1037 852 1125 914 corpore

171 925 319 1003 sanguinis
336 925 463 1003 produit

237 1009 265 1070 5.
290 1006 411 1069 Calculo
429 1007 547 1085 evulso,
564 1010 588 1070 si
606 1007 705 1070 voleus
722 1025 829 1087 corpus
847 1015 909 1085 ert,
935 1023 1031 1085 neque
1044 1017 1125 1078 usgue

173 1110 244 1171 pere
259 1100 408 1165 vexatum,
423 1093 520 1152 sinere
536 1100 655 1171 oportet
672 1093 839 1168 sanguinem
859 1091 974 1167 liuere,
995 1106 1049 1167 quo
1066 1088 1147 1144 nutri.

172 1173 354 1235 inflammatio
369 1174 492 1235 oriatur:
512 1183 598 1254 etque
615 1176 727 1252 ingredi
747 1193 865 1254 quoque
889 1192 958 1236 eum
982 1171 1126 1252 psnlummr

171 1256 294 1318 silenum
310 1264 370 1332 est,
385 1265 416 1316 ut
427 1259 557 1334 excidet,
572 1259 598 1319 si
613 1259 681 1337 qnid
691 1260 767 1320 intus
781 1259 912 1320 concreti
926 1255 1067 1333 sauguinis
1078 1267 1125 1310 mr

171 1340 217 1400 sit.
250 1338 335 1418 Quod
351 1339 376 1400 si
392 1357 446 1418 per
463 1358 498 1400 se
512 1359 569 1401 uon
583 1341 709 1418 destitit,
724 1359 844 1416 rmsus,
856 1357 893 1400 ue
907 1343 955 1400 ris
971 1339 1058 1400 omnis
1070 1337 1127 1393 iuter

172 1431 238 1500 eat,
261 1424 400 1501 supprimi
425 1421 528 1486 debet:
558 1425 644 1504 idque
664 1427 796 1503 protinus
817 1424 846 1484 iu
862 1419 1090 1486 imbecillioribus
1103 1412 1124 1474 ul

171 1509 236 1586 ipss
254 1507 402 1567 curatione
419 1506 582 1568 laciendum
598 1515 658 1568 est:
682 1506 831 1587 siquiden,
852 1515 882 1566 ut
902 1506 1069 1566 distentione
1084 1511 1140 1558 rent

173 1607 275 1652 rorum
291 1590 470 1669 periclitetur
487 1590 609 1670 aliquis,
623 1591 687 1652 dnm
707 1592 805 1650 resics
820 1591 883 1666 eius
900 1593 1037 1667 epitetum
1056 1577 1122 1642 sicul

171 1683 217 1735 ter
232 1683 325 1733 metus
340 1673 466 1751 excipit,
484 1692 521 1734 ne
537 1681 643 1734 tantun
658 1674 804 1750 sauguinis
818 1673 959 1752 probust,
982 1681 1011 1732 ut
1036 1664 1123 1757 occidui

172 1755 258 1832 Quod
275 1774 312 1816 ue
328 1756 449 1832 incidet,
465 1756 601 1818 desidere
619 1758 644 1817 is
660 1755 751 1818 debet
763 1758 792 1817 in
812 1775 881 1818 acre
898 1766 1027 1830 scetem,
1048 1745 1123 1840 culti*

172 1847 306 1917 quantun
322 1839 391 1900 selis
407 1841 445 1900 sit
463 1839 623 1916 adjectum:
643 1839 696 1900 sub
710 1857 769 1919 quo
788 1849 817 1901 et
834 1842 951 1917 sanguis
965 1839 1027 1898 iere
1040 1844 1120 1907 mrqu

172 1923 264 1996 escit,
295 1930 324 1995 et
348 1922 533 2000 adstringitur
563 1924 679 2000 resins,
711 1923 834 2002 ideoque
855 1925 948 1984 minus
965 1921 1137 1985 indemnatus

56 2075 58 2081 k
173 2005 298 2080 Quodsi
319 2023 418 2084 perum
438 2008 569 2084 proiicit,
591 2007 794 2084 agglutinando
809 2006 989 2067 cucurbitula
1009 2009 1051 2071 cst
1066 1994 1119 2057 ctis

171 2087 322 2166 guinibus,
339 2097 368 2150 et
384 2091 483 2165 coxis,
499 2099 529 2151 et
544 2107 633 2168 super
650 2089 764 2169 pubem.
794 2089 851 2152 Ubi
860 2091 920 2166 jem
938 2091 1010 2150 sutis
1026 2082 1120 2144 velut·

95 2183 97 2192 ’
171 2181 253 2233 cetus
278 2181 323 2232 est
344 2173 505 2250 sanguinis,
534 2173 582 2234 vel
604 2172 780 2252 prohibitus,
798 2175 951 2252 resupinus
972 2159 1119 2232 collocando

171 2263 217 2318 est
231 2257 290 2330 sic,
306 2264 335 2315 ut
351 2265 437 2334 ceput
450 2255 556 2318 humile
574 2258 621 2332 sit,
637 2273 730 2316 coxae
742 2257 857 2335 paulum
869 2259 1041 2316 excitentur:
1057 2257 1120 2308 solt

171 2356 225 2417 per
260 2337 343 2400 ulcus
377 2339 579 2418 imponendum
603 2349 648 2402 est
662 2340 770 2418 duplex
794 2349 842 2402 eut
864 2339 972 2417 triplex
999 2328 1135 2424 linteolum¹

170 2430 255 2481 scoto
277 2422 404 2482 madens.
433 2422 557 2499 Deinde,
572 2423 752 2501 interpositis
766 2422 877 2484 dusbus
894 2423 990 2498 boris,
1011 2411 1120 2478 insultu!

43 2563 48 2569 .
171 2505 196 2564 is
208 2520 301 2581 equus
318 2504 429 2566 oslidse
450 2507 604 2586 resupinus
620 2506 809 2566 demittendus
825 2503 940 2582 esicio,
956 2515 986 2566 ut
1003 2493 1120 2578 sgeuilttl

169 2586 207 2645 sd
233 2586 397 2646 umbilicum
422 2606 495 2667 sque
518 2597 631 2666 tenent,
660 2599 759 2650 cetere
784 2589 963 2652 vestimentis
984 2577 1118 2649 circumluit

170 2669 242 2737 sint;
265 2667 393 2729 menibus
416 2673 608 2735 tantummodo
631 2673 812 2751 pedibusque
831 2672 958 2750 nudetis,
979 2682 1009 2733 ut
1022 2663 1119 2750 ciuili}

171 2751 334 2830 digeretur,
350 2761 379 2812 et
393 2751 433 2812 ibi
447 2753 550 2814 diutius
565 2765 686 2816 menest.
718 2755 764 2816 Ex
780 2774 838 2835 quo
853 2757 958 2818 multus
980 2754 1058 2816 sudor
1073 2742 1133 2804 crint

170 2837 265 2906 solet;
280 2839 328 2916 qui
343 2837 464 2917 spongia
479 2837 599 2900 subinde
615 2841 643 2898 in
657 2839 733 2899 lucie
749 2839 1018 2917 detergendusest:
1032 2831 1117 2918 finisque

170 2923 234 2996 ejus
256 2921 376 2984 lomenti
399 2931 458 2998 est,
485 2921 578 2982 donec
594 2922 760 2984 infirmando
778 2924 913 2984 offendet.
944 2923 1012 2984 Tum
1025 2913 1117 2981 multou

170 3005 238 3064 oleo
252 3005 465 3084 perurgendus,
479 3004 714 3085 inducendusque
725 3007 833 3086 hnpsus
842 3006 927 3068 leuse
938 3007 1038 3078 mollis,
1048 2987 1114 3072 repiit

171 3087 240 3148 oleo
258 3090 404 3167 repletus,
431 3090 480 3168 qui
494 3087 613 3169 pubem,
636 3100 665 3150 et
681 3108 789 3166 coxas,
806 3100 835 3150 et
846 3091 976 3166 inguine,
997 3097 1023 3148 ct
1035 3083 1116 3164 ΜΒ

170 3154 1130 3334 {tritt:ttttttrritnrltlintnitenti*

169 3334 415 3407 cinamomum,
434 3345 463 3394 et
478 3355 585 3396 nervos
601 3339 704 3398 leniter
722 3339 839 3400 molliat.
872 3339 993 3413 Quidam
1013 3327 1111 3408 cubili*

169 3417 253 3476 mutis
268 3414 504 3477 calefacientibus
518 3427 642 3480 utuntur.
675 3421 718 3482 Ee
735 3421 799 3502 plus
815 3423 945 3501 pondere
960 3426 1066 3490 nocent,
1077 3416 1120 3490 lli
