2372 3892
143 149 205 214 tao
429 157 460 204 ε.
477 155 506 206 c.
519 153 623 206 nouusr
639 151 834 204 rnumornnu

142 324 223 378 cant:
254 315 395 396 epuduos
411 313 593 390 indecorum,
612 310 665 372 sed
682 325 831 372 commane
852 308 917 386 bis,
941 308 1070 370 herniae
1093 324 1139 368 nu

141 419 206 462 rnen
229 410 283 460 εει.
314 399 425 460 Deinde
440 399 465 458 si
476 397 627 458 descendit
644 405 804 471 omentum,
825 412 979 472 numquam
996 395 1029 452 in
1044 402 1139 452 scroto

140 496 234 548 tumor
255 484 380 560 tollitur,
395 484 458 543 sive
475 482 569 542 inedia
586 482 648 556 luit,
665 482 726 539 sire
744 496 850 558 corpus
870 477 927 538 bno
945 479 1064 538 illucve
1079 494 1139 536 coc

56 567 61 576 '
140 587 267 646 versum,
284 579 331 630 aut
346 567 403 628 aiio
419 583 476 646 qoo
492 565 578 626 modo
595 564 770 625 collocatum
792 573 852 622 est:
876 563 1028 642 itemque,
1055 563 1080 620 si
1100 580 1138 620 re

140 662 235 716 ιεειεε
252 662 297 713 εει
313 654 445 732 spiritus,
461 667 519 710 uon
534 666 713 726 magnopere
731 649 884 722 increscit,
908 656 990 708 tuctu
1007 664 1085 706 vero
1106 647 1152 710 ius

141 738 273 817 aequalis
299 747 344 798 εει
366 745 395 796 ει
418 735 514 795 mollis
534 743 563 794 ει
574 733 712 794 lubricus.
744 733 783 794 Δι
800 734 824 792 si
839 731 1009 792 intestinum
1029 748 1139 812 quoqne

140 821 309 899 descendit,
323 830 416 881 tumor
430 821 454 878 is
470 821 532 880 sine
548 818 770 878 inflammatione
783 815 868 877 modo
884 817 1046 892 minuitur,
1063 813 1139 876 modo

139 907 292 974 increscit;
311 915 414 985 estque
432 905 494 964 lere
510 904 572 964 sinc
587 901 707 977 dolore,
729 911 759 961 et
774 919 858 980 quum
880 902 1077 980 conquiescit
1096 900 1138 959 ali·

140 992 204 1070 qais
223 998 270 1049 aut
285 991 380 1066 jacet,
404 985 545 1048 interdum
562 1005 600 1046 ex
616 995 680 1046 toto
698 986 818 1064 desidit,
840 985 986 1046 interdum
1008 986 1058 1046 sic
1079 985 1138 1044 diri

141 1075 230 1150 ditor,
251 1081 280 1132 ut
305 1074 332 1132 in
354 1081 452 1132 scroto
472 1071 596 1148 exiguae
611 1071 753 1149 reliquiae
774 1078 921 1130 maneant:
950 1079 982 1130 et
1001 1069 1159 1141 clamoren

141 1166 171 1218 et
186 1158 333 1232 satietate,
355 1163 384 1215 ει
402 1158 426 1214 si
441 1155 494 1216 sub
510 1156 608 1233 aliquo
620 1156 752 1234 pondere
769 1156 793 1213 is
809 1153 895 1214 homo
911 1155 995 1213 uisos
1009 1163 1069 1230 est,
1085 1171 1138 1212 cre

140 1240 209 1300 scit:
227 1239 338 1316 frigore
354 1241 430 1299 omui
446 1238 637 1316 contrabitur,
655 1237 755 1300 calore
769 1237 948 1306 diffunditur:
967 1247 1079 1317 estque
1089 1247 1138 1296 tm

140 1331 266 1382 scrotum
281 1332 311 1382 et
325 1323 488 1398 rotundum,
503 1333 531 1383 et
546 1331 624 1384 tactu
640 1321 740 1384 laeve:
756 1321 857 1400 idque,
873 1321 952 1400 quod
969 1321 1089 1398 subest,
1104 1321 1138 1380 lu

138 1407 249 1469 bricum
265 1416 324 1477 est;
341 1408 365 1467 si
383 1425 516 1487 pressum
533 1417 593 1484 est,
611 1407 646 1466 ad
664 1409 771 1484 inguen
783 1408 954 1474 revertitnr;
980 1406 1137 1466 dimissum

139 1509 212 1570 que,
229 1494 330 1551 iterum
351 1509 414 1551 eum
430 1490 553 1570 quodam
570 1491 651 1570 quasi
676 1508 818 1550 murmure
840 1489 1020 1550 devolvitur.
1058 1490 1096 1550 Et
1114 1489 1158 1549 idn

138 1575 252 1656 quidem
264 1577 293 1636 in
309 1575 469 1636 levioribus
484 1575 566 1634 malls
582 1577 687 1636 evcnit.
720 1573 939 1653 Nonnumquam
953 1584 1057 1634 autem
1073 1584 1136 1634 ster·

139 1678 209 1720 core
232 1669 356 1738 accepto
377 1662 487 1719 vastius
507 1667 611 1734 tumet,
635 1668 774 1738 retroque
790 1659 928 1736 compelli
943 1676 1005 1718 nou
1027 1667 1135 1737 potest:

138 1743 290 1821 adfertque
307 1753 365 1804 tum
388 1743 519 1804 dolorem
534 1752 564 1803 ει
579 1752 678 1802 εεεειο
696 1752 725 1803 ει
747 1741 912 1820 inguinibus
928 1751 958 1802 ει
978 1741 1134 1804 abdomini:

137 1843 347 1905 nonnumquam
360 1827 525 1888 stomachus
537 1843 653 1906 quoque
670 1826 790 1887 alieotus
804 1828 924 1906 primum
940 1827 1040 1886 rutam
1057 1825 1134 1889 bilem

137 1927 191 1988 per
206 1927 240 1970 os
260 1909 371 1989 reddit,
393 1911 496 1972 deinde
511 1910 647 1988 viridem,
663 1909 832 1989 quibusdam
850 1912 936 1972 etiam
951 1910 1156 1988 dignamini·

136 1995 228 2070 tegris
241 2012 313 2054 vcro
329 1995 501 2060 membranis
515 1994 654 2056 interdurn
680 2012 742 2054 earn
765 2004 876 2074 partem
898 1993 1006 2055 humor
1026 1995 1137 2072 distrin¹

136 2080 188 2155 git.
215 2079 313 2156 Atque
339 2083 402 2157 ejus
425 2095 539 2159 quoque
561 2081 678 2159 species
696 2079 770 2138 dnae
785 2089 859 2140 sunt.
893 2078 966 2138 Nam
995 2079 1047 2139 rel
1069 2080 1134 2138 iuter

136 2164 247 2224 tunicas
268 2165 293 2223 is
313 2166 469 2238 increscit,
490 2163 538 2223 rel
560 2165 588 2222 in
608 2161 781 2222 membranis
797 2181 873 2242 quae
894 2162 933 2222 ibi
949 2163 1032 2223 circa
1052 2179 1134 2222 venas

136 2254 166 2306 et
186 2249 307 2307 arterias
326 2258 407 2325 suat,
433 2247 481 2307 ubi
502 2263 555 2306 eae
575 2256 715 2324 gravmac
737 2247 948 2308 occalluerant.
987 2246 1037 2306 Ac
1060 2265 1098 2306 ue
1112 2245 1134 2304 ci

136 2330 250 2407 quidem
268 2332 397 2408 humori,
417 2333 464 2410 qui
486 2333 560 2390 inter
578 2331 688 2390 tunicas
710 2340 772 2408 εει,
794 2349 850 2391 uns
866 2331 954 2390 sedes
977 2339 1036 2390 est.
1068 2331 1155 2390 ilaris

134 2413 221 2474 modo
237 2417 311 2474 inter
326 2433 463 2476 summam
475 2424 504 2475 et
518 2414 655 2490 mediam,
677 2414 763 2475 modo
778 2416 852 2474 inter
867 2415 992 2475 mediam
1008 2425 1038 2474 et
1056 2417 1134 2475 imam

20 2487 29 2514 ¹
135 2499 275 2556 consistit.
312 2498 414 2560 Graeci
431 2501 572 2560 communi
592 2499 724 2575 nomine,
747 2499 884 2578 quidquid
907 2507 968 2575 est,
993 2487 1133 2579 ὑδροεή-

134 2577 198 2657 λην
220 2579 385 2658 appellant:
409 2585 517 2659 nostri,
540 2593 569 2642 nt
590 2582 704 2642 scilicet
723 2583 809 2644 nullis
825 2582 1043 2644 discriminibus
1068 2586 1133 2644 satia

134 2664 276 2740 cognitis,
299 2660 372 2724 baec
392 2683 508 2744 quoque
528 2667 581 2726 sub
600 2665 703 2726 eodem
718 2668 850 2744 nomine,
878 2684 935 2745 quo
952 2668 1073 2746 priora,
1088 2667 1131 2728 ba·

133 2744 212 2806 bent.
239 2747 329 2824 Signa
346 2757 439 2808 autem
461 2750 601 2827 quaedam
623 2751 782 2810 communia
801 2759 883 2826 sunt,
909 2751 1154 2830 quaedamque-n
1182 2779 1183 2828 3

134 2832 211 2912 prin;
232 2833 407 2907 eommunis,
422 2833 525 2911 quibus
540 2834 641 2894 humor
655 2833 896 2912 deprehenditur;
919 2837 1060 2912 propria,
1075 2835 1129 2914 qni-
1182 2847 1183 2852 ’

132 2915 186 2977 bns
205 2917 298 2978 locos.
333 2915 489 2978 Humorem
505 2917 628 3000 subesse
645 2917 798 2994 discimus,
820 2918 844 2977 si
865 2927 960 2978 tumor
975 2928 1038 2996 εει,
1056 2937 1128 2979 uum·

133 3017 216 3078 qoam
234 3021 271 3062 ex
289 3010 350 3062 toto
368 3021 401 3062 εε
419 3003 584 3078 remittens,
600 3002 652 3063 sed
675 3001 815 3062 interdum
831 3001 926 3062 levior
940 3011 990 3062 aut
1013 3012 1128 3083 propter

131 3083 253 3160 lumem,
270 3095 318 3145 eut
333 3096 454 3165 propter
469 3085 660 3161 febriculam,
677 3088 858 3164 maximeque
872 3089 900 3145 in
916 3087 1034 3166 pueris:
1050 3089 1127 3166 isque

131 3166 228 3226 mollis
243 3177 303 3243 est,
320 3169 416 3229 sinon
432 3172 534 3234 nimius
550 3169 652 3229 homor
668 3169 782 3240 subest;
803 3179 833 3230 at
858 3173 883 3230 si
899 3174 924 3230 is
939 3170 1150 3232 vehemeutcrs

131 3249 267 3326 increvit,
285 3252 416 3311 renititur
432 3256 507 3313 sicot
524 3262 587 3312 uter
601 3255 733 3332 repletus
748 3263 777 3313 et
791 3262 871 3314 arcte
892 3254 1065 3315 adstrictus:
1080 3273 1125 3313 vc

131 3350 186 3391 nae
204 3349 320 3410 quoqne
333 3333 362 3390 in
377 3344 476 3394 scroto
492 3337 640 3404 imbertum
657 3347 697 3411 et,
714 3339 739 3397 si
755 3338 847 3416 digito
864 3339 1039 3416 pressimus,
1055 3339 1125 3398 cedit

131 3414 244 3504 humor,
267 3414 525 3495 circumfluensque
552 3419 600 3498 id,
621 3421 699 3497 quod
717 3438 776 3482 uon
790 3423 945 3501 premitur,
968 3422 1084 3502 attollit,
1099 3429 1124 3482 ει
