2372 3892
772 99 789 138 0

140 185 201 252 ata
427 199 461 248 s.
479 199 509 248 o.
526 197 626 248 cansa
640 197 835 248 morosane

139 355 306 430 mittendae,
329 352 561 432 operiendusque
588 353 690 413 oculus
717 361 770 413 est.
807 353 962 429 siparum
992 352 1130 431 palpebre

139 439 314 514 descendet,
332 437 452 498 laxanda
468 446 582 506 sutura;
599 439 622 496 si
638 438 767 513 nimium,
782 445 829 496 aut
841 436 1069 514 adstringenda,
1089 446 1131 496 aut

140 525 223 584 etiam
239 540 336 582 rursus
352 523 444 581 tenuis
460 520 602 580 habenula
618 519 653 581 ab
665 521 802 581 ulteriore
819 537 870 580 ora
886 520 1071 581 excidenda:
1088 521 1130 580 ubi

139 616 219 667 secta
231 615 291 681 est,
309 606 383 665 aliae
396 613 511 664 suturae
524 603 719 680 adjiciendae,
735 621 808 682 quae
821 622 907 682 supra
920 613 982 664 tres
995 622 1067 664 esse
1080 623 1130 663 una

139 691 254 751 debent.
288 690 406 749 Praeter
426 688 500 748 haee
523 689 550 746 iu
573 690 725 766 superiore
749 687 887 766 palpebra
903 688 957 747 sub
978 689 1050 766 pilis
1066 690 1145 766 ipsias

138 773 288 835 incidenda
302 773 378 834 linea
394 782 452 848 est,
474 780 504 830 ut
519 771 554 830 ab
575 773 714 831 inferiore
732 781 814 850 parte
831 771 937 831 diducti
953 773 1010 850 pili
1024 791 1131 832 sumum

138 866 286 938 spectent:
313 856 413 934 idque,
438 857 461 914 si
487 855 560 914 levis
584 855 729 916 inclinatio
755 864 814 932 est,
837 857 921 914 etiam
943 855 1045 916 solum
1071 859 1131 915 satis

137 952 240 1004 tuetur.
275 939 399 1001 lnierior
413 937 552 1018 palpebra
570 956 607 998 co
627 955 684 1000 non
701 947 778 1015 eget.
814 939 867 998 llis
882 939 987 1015 iactis,
1012 941 1132 1018 spongia

138 1045 177 1086 ex
199 1041 271 1103 aqua
296 1023 400 1100 irigida
423 1039 564 1101 expressa
587 1022 830 1102 superdeliganda
856 1033 916 1082 est:
943 1031 1074 1101 postero
1092 1025 1132 1083 dic

137 1110 281 1186 glutinans
298 1106 482 1184 emplastrum
499 1107 699 1181 injiciendum:
721 1116 823 1183 quarto
841 1115 957 1166 suturae
975 1106 1154 1182 tollermen

138 1201 166 1250 et
182 1191 321 1266 collyrio,
334 1190 411 1268 quod
427 1190 661 1249 inflammationes
673 1191 823 1267 reprimat,
838 1190 1131 1268 superinungendun.

201 1276 231 1336 9.
243 1273 460 1352 Nonnumquam
476 1283 586 1348 autem,
601 1274 715 1334 nimium
730 1273 782 1332 sub
799 1273 854 1334 bac
866 1276 1021 1334 curatione
1038 1277 1132 1334 excisa

139 1367 219 1431 cote,
236 1358 347 1433 euenit,
359 1366 390 1416 ut
404 1358 506 1416 oculus
520 1373 578 1417 non
590 1364 775 1433 contegatur:
791 1356 878 1436 idque
889 1357 1038 1418 interdurn
1053 1361 1132 1417 etmn

38 1472 46 1488 ·
137 1442 192 1502 elia
205 1442 240 1501 de
253 1459 338 1501 causa
354 1442 393 1501 lit.
415 1433 697 1519 Λαγωφθάλμους
708 1439 813 1500 Graeci
828 1440 978 1519 appellant
995 1442 1046 1520 (Ρ.
1060 1444 1131 1518 Aeg.

137 1526 279 1605 vl‚1o).
300 1525 331 1584 ln
346 1542 403 1603 quo
424 1527 448 1584 si
464 1526 576 1583 nimium
599 1523 757 1604 palpebrae
778 1525 877 1600 deest,
899 1525 977 1584 nulla
1002 1525 1032 1584 id
1054 1521 1152 1584 restio

137 1620 219 1670 tuere
235 1610 343 1668 curatio
360 1617 472 1687 potest:
491 1609 515 1667 si
533 1609 681 1685 exiguum,
698 1607 806 1667 mederi
824 1608 902 1668 licet.
926 1609 1052 1668 Paulum
1064 1610 1131 1670 inira

138 1693 322 1772 supercilium
337 1695 409 1752 cutis
426 1691 575 1752 incidenda
597 1701 641 1752 est
662 1691 757 1751 lunata
779 1692 886 1768 ligura,
906 1693 1052 1752 cornibus
1074 1695 1131 1768 ejus

137 1775 272 1835 deorsum
287 1775 494 1852 spectantibus.
531 1774 659 1836 Altitudo
674 1793 741 1835 esse
762 1775 867 1854 plagae
883 1793 975 1854 usque
993 1776 1033 1836 ad
1050 1778 1130 1836 certi

136 1859 262 1935 laginem
277 1859 382 1933 debet,
406 1860 469 1937 ipsa
490 1859 539 1918 illa
563 1859 631 1919 nibil
652 1859 750 1922 laesa:
771 1877 850 1934 narn,
871 1860 896 1918 si
914 1877 951 1918 ea
967 1861 1064 1920 incisa
1081 1868 1129 1933 est,

137 1942 277 2020 palpebra
293 1943 435 2019 concidit,
457 1959 551 2020 neque
572 1943 663 2002 attolli
677 1952 781 2022 postea
804 1951 909 2022 potest.
945 1943 1024 2003 Cute
1048 1946 1152 2020 igitura

136 2035 243 2085 tantum
260 2025 373 2087 diducta
390 2029 436 2103 iit,
455 2035 486 2085 ut
503 2027 616 2104 paulum
633 2027 687 2086 ima
702 2042 754 2085 ora
771 2025 943 2095 descendat:
962 2026 1065 2088 hiante
1081 2030 1129 2087 sei

136 2109 206 2170 licet
232 2128 321 2188 cuper
346 2111 448 2189 plaga:
477 2111 505 2170 in
530 2127 613 2188 quam
635 2110 816 2169 linamentum
838 2111 1056 2186 conjiciendum
1081 2121 1129 2186 est,

136 2194 213 2272 quod
230 2203 258 2253 et
273 2195 409 2270 conjungi
424 2192 566 2252 diductam
582 2202 675 2252 cutem
690 2193 859 2271 probibeat,
878 2205 907 2254 et
926 2196 956 2253 in
971 2196 1074 2256 medio
1090 2215 1129 2256 ca·

136 2279 283 2337 ruriculam
300 2281 384 2337 citet:
400 2295 474 2355 quac
496 2276 544 2335 ubi
563 2293 626 2336 eum
646 2277 741 2336 locum
756 2277 899 2356 impleuit,
922 2289 1032 2357 postea
1054 2289 1130 2340 recta

138 2361 239 2421 oculus
255 2364 395 2442 operitur.
1135 2379 1153 2418 a

199 2447 247 2506 10.
270 2446 308 2505 Ut
320 2446 479 2522 superioris
491 2441 584 2504 autem
600 2444 759 2524 palpebrae
773 2445 870 2504 vitium
883 2453 941 2522 est,
958 2464 1021 2525 quo
1036 2466 1132 2527 parum

136 2527 302 2602 deseendit,
317 2527 443 2605 ideoque
460 2529 572 2588 oculum
593 2545 650 2588 nou
671 2530 811 2605 contegit;
831 2531 875 2588 sic
891 2530 1062 2608 inferioris,
1077 2547 1131 2610 qno

136 2626 234 2687 parum
250 2627 361 2668 surarum
382 2612 537 2688 attollitur,
560 2612 613 2672 sed
634 2612 741 2691 pendet
763 2621 791 2671 et
810 2613 883 2688 hiat,
910 2631 1010 2692 neque
1037 2623 1132 2694 potest
1183 2671 1184 2676 ,

136 2711 198 2752 cum
215 2695 365 2769 superiore
383 2696 527 2753 committi.
561 2696 657 2774 Atque
681 2695 709 2754 id
731 2713 846 2775 quoque
868 2699 965 2756 evenit
988 2698 1130 2758 interdum
1182 2691 1184 2712 ⁴

58 2827 62 2836 .
136 2777 272 2837 assimili
288 2777 357 2834 vitio
374 2779 545 2851 curationis,
562 2778 701 2839 interdum
717 2782 800 2838 etiam
815 2789 976 2839 senectute.
997 2771 1155 2862 'Estne-at

134 2879 213 2922 πιον
221 2857 322 2920 Graeci
336 2860 500 2919 nouminant
513 2859 641 2938 (Meg.
650 2859 701 2937 Vl,
717 2862 778 2938 12).
791 2865 821 2922 Si
837 2881 874 2922 ex
888 2865 963 2923 mala
980 2868 1130 2925 curatione

134 2956 195 3023 est,
207 2946 308 3006 eadem
323 2947 396 3006 ratio
412 2946 571 3006 medicinae
585 2955 644 3020 est,
664 2964 739 3025 quae
754 2965 840 3025 supra
858 2949 951 3024 posita
966 2957 1014 3008 eet
1031 2950 1071 3027 (§
1083 2951 1128 3027 9):

134 3029 239 3105 plagae
255 3039 360 3090 tantum
381 3047 487 3090 cornua
511 3029 546 3090 ad
568 3029 714 3106 maxillas,
734 3048 791 3089 non
811 3029 847 3089 ad
870 3030 986 3092 oculum
1004 3051 1128 3093 conver·

134 3113 218 3170 tenda
234 3122 307 3171 sunt.
344 3116 374 3173 Si
396 3133 434 3173 ex
454 3121 605 3172 senectute
628 3122 685 3189 est,
703 3115 780 3172 tenui
802 3113 979 3174 ferramento
995 3116 1025 3175 id
1043 3127 1126 3177 totum

134 3195 313 3253 extrinsecus
325 3197 497 3257 adurendum
505 3204 559 3270 est,
569 3195 671 3256 deinde
683 3197 769 3256 melle
777 3198 987 3275 inungendum:
1001 3211 1150 3278 aquartost
1183 3249 1184 3278 ,

134 3274 180 3335 die
195 3293 305 3354 vapore
321 3291 412 3355 aquae
428 3280 537 3339 calidae
554 3280 718 3356 fovendum,
735 3282 986 3360 inungendumque
1001 3283 1124 3343 medica·
1182 3281 1184 3344 i

133 3360 234 3420 mentis
249 3359 282 3418 ad
300 3362 464 3420 cicatricem
482 3363 705 3443 perducentibus
722 3363 777 3440 (ci.
794 3365 831 3440 V,
851 3365 889 3426 14
905 3375 935 3427 et
948 3365 1000 3444 26,
1016 3367 1085 3445 36).

197 3444 245 3505 11.
266 3442 346 3504 llaec
366 3444 429 3504 iere
454 3447 531 3506 circa
548 3447 661 3508 oculum
677 3448 707 3506 in
725 3447 839 3526 angulis
860 3450 1071 3530 palpebrisque
1086 3451 1123 3511 iu·
1183 3477 1184 3520 t
