2372 3892
394 217 708 272 mmmm
843 174 847 200 ἶ
983 211 1042 274 m

50 378 142 432 aceto
164 367 252 429 tincta
278 369 456 435 cohibendus
479 381 538 450 est,
567 373 812 453 occupandusque
834 374 958 450 objectis
974 378 1044 440 lina·

48 455 175 528 mentis,
194 462 222 512 et
239 463 325 532 caput
339 455 422 514 altius
441 457 630 518 excitandum.
659 458 763 536 Neque
784 458 812 517 id
827 458 913 520 ullum
928 471 1042 540 metum,

49 539 198 604 nisiinter
218 538 380 615 musculos,
402 541 449 616 qui
470 549 601 618 tempora
624 545 785 617 continent,
811 542 909 604 allent:
936 545 988 604 sed
1001 544 1043 604 ibi

51 638 174 699 quoque
195 620 265 680 nihil
285 624 370 681 tutius
386 624 416 682 lit
432 621 507 703 (lta,
531 625 551 699 ᾗ
567 625 616 700 13,
630 624 717 702 tiae).
748 624 780 684 ln
796 629 870 685 omni
886 645 958 686 vero
972 629 1041 688 fisso

16 725 34 764 5
52 705 190 765 fractove
206 721 274 764 osse
289 707 417 784 protinus
436 709 611 787 antiquiores
625 709 729 768 medici
751 708 786 770 ad
805 709 977 770 ferramenta
991 729 1041 770 ve·

43 787 187 864 uolebant,
214 787 315 866 quibus
337 789 364 850 id
386 791 562 852 exciderent.
597 791 655 852 Sed
676 792 764 852 multo
786 792 888 852 melius
909 803 954 853 est
976 803 1042 854 ante

17 865 39 880 ‘
51 872 211 950 emplastra
229 873 371 952 experiri,
398 892 472 952 quae
489 874 632 936 calvariae
647 893 734 937 causa
751 887 975 953 componuntur:
992 896 1040 938 eo·

50 974 175 1033 rumque
194 956 309 1034 aliquod
326 966 443 1034 oportet
457 951 495 1018 en
508 967 592 1020 aceto
608 959 746 1019 mollitum
768 977 821 1037 per
837 979 869 1018 se
892 979 979 1038 super
994 961 1040 1020 lis-

51 1055 121 1099 sum
140 1039 299 1099 fractumve
323 1057 356 1100 os
379 1043 543 1119 imponere:
571 1041 674 1102 deinde
689 1061 778 1120 super
795 1043 823 1101 id
840 1044 985 1122 aliquanto
1000 1045 1040 1106 la·

0 1144 32 1184 ¹o
51 1125 130 1198 tius,
151 1141 234 1201 quam
256 1123 358 1183 vulnus
378 1133 438 1199 εει,
465 1123 567 1186 eodem
589 1126 797 1186 medicamento
816 1126 916 1188 illitum
938 1128 1040 1188 linteo·

50 1209 130 1281 lum,
147 1215 175 1266 et
191 1215 343 1284 praeterea
358 1208 502 1268 succidam
515 1209 606 1270 lanam
621 1219 706 1268 aceto
722 1211 851 1270 tinctam:
868 1219 925 1270 tum
940 1211 1041 1270 vulnus

50 1291 203 1367 deligare,
231 1299 260 1350 et
281 1291 408 1369 quotidie
430 1293 599 1360 resolvere;
621 1294 808 1371 similiterque
831 1313 933 1353 curare
949 1313 1040 1372 usque

50 1373 92 1434 ad
107 1373 181 1434 diem
198 1374 331 1452 quintum.
358 1375 484 1435 Asexto
507 1377 553 1435 die
575 1378 658 1436 etiarn
681 1393 791 1455 vapore
816 1395 908 1454 aquae
930 1378 1041 1438 ualidae

49 1476 111 1536 per
127 1461 277 1536 spongiam
291 1459 409 1518 dovere:
428 1469 583 1538 ceteraque
602 1460 702 1520 eadem
721 1460 830 1520 iacere.
857 1461 939 1536 Quod
954 1463 979 1520 si
994 1479 1041 1522 ca·

1 1541 175 1604 sororcula
190 1543 357 1602 increscere
375 1545 523 1621 coeperit,
540 1553 568 1603 et
581 1543 722 1604 febricula
739 1552 787 1604 aut
802 1543 894 1604 soluta
912 1546 975 1619 erit,
993 1553 1041 1606 aut

48 1627 165 1701 levior,
183 1634 212 1684 et
228 1626 368 1704 cupiditas
385 1626 440 1685 cibi
459 1628 629 1702 reverterit,
646 1628 773 1704 satisque
796 1629 886 1686 eomui
908 1627 1040 1704 accedet,

47 1712 84 1768 in
100 1709 202 1769 eodem
221 1709 429 1770 medicamento
443 1712 497 1769 erit
512 1711 765 1788 perseverandum.
797 1711 978 1772 Procedente
991 1711 1039 1772 de·

48 1791 122 1853 inde
138 1802 268 1870 tempore
284 1793 485 1853 emolliendum
501 1795 528 1853 id
545 1795 737 1873 emplastrum,
754 1795 869 1869 adjecto
888 1804 986 1857 cerato
1003 1813 1040 1854 ex

48 1894 125 1936 rosa
140 1876 232 1945 factm
252 1895 309 1954 quo
323 1878 435 1937 lucilius
450 1895 565 1938 carnem
580 1877 735 1958 producat:
754 1896 816 1938 nam
835 1896 888 1955 per
902 1895 934 1936 se
948 1879 1039 1956 repri-

0 1985 29 2014 ,«ι
49 1960 150 2020 mendi
168 1962 225 2020 vim
240 1960 336 2020 habet.
356 1961 416 2020 lluo
432 1964 542 2020 ratione
558 1980 648 2040 saepe
663 1963 751 2021 rimae
764 1962 840 2022 callo
854 1961 976 2040 quodam
990 1964 1039 2022 im·

52 2044 184 2124 plentur;
202 2052 305 2122 estque
320 2063 354 2104 ea
371 2046 446 2105 ossis
458 2045 537 2104 velut
552 2045 686 2106 cicatrix:
713 2052 741 2104 et
756 2045 839 2104 latius
853 2045 945 2104 fracta
961 2063 1039 2123 ossa,

51 2128 81 2187 si
97 2145 151 2204 qua
170 2129 245 2187 inter
267 2147 299 2188 se
315 2145 371 2189 non
387 2127 598 2202 cohaerebunt,
623 2127 727 2187 eodem
749 2128 825 2189 callo
850 2127 1039 2202 glutinantur3

52 2219 159 2288 estque
174 2210 204 2270 id
218 2211 362 2289 aliquanto
378 2212 477 2272 melius
494 2211 682 2271 velamentum
700 2210 840 2281 cerebro,
860 2229 943 2288 quarn
959 2227 1039 2287 earo,

51 2311 132 2372 quae
148 2295 247 2354 exciso
265 2311 333 2354 osse
346 2297 491 2355 increscit.
523 2296 554 2355 Si
569 2312 641 2354 vero
660 2293 711 2354 sub
727 2295 817 2372 prima
833 2296 982 2354 curatione
997 2294 1038 2353 ie·

0 2406 9 2433 a
50 2379 117 2438 bris
132 2377 469 2456 intenditur‚‘brevesque
481 2379 588 2454 somni,
602 2387 631 2438 et
645 2380 729 2439 iidem
746 2397 798 2456 per
816 2377 924 2437 somnia
939 2377 1039 2436 turnul-

51 2461 229 2537 tuosisuut,
244 2462 326 2522 ulcus
341 2463 450 2538 madet,
468 2481 561 2541 neque
577 2462 676 2538 alitur,
693 2471 721 2521 et
736 2463 764 2520 in
781 2460 942 2522 cervicibus
958 2461 1038 2538 glan·

50 2536 143 2606 dulab
158 2547 302 2621 oriuntur,
318 2547 413 2622 magni
430 2547 547 2606 dolores
564 2554 642 2622 sunt,
660 2545 775 2623 cibique
798 2563 885 2624 super
910 2544 983 2604 baec
997 2545 1038 2606 la·
1094 2595 1096 2605 .

51 2627 170 2689 stidium
184 2629 334 2699 increscit;
351 2639 408 2690 tum
425 2629 535 2690 demum
553 2630 588 2690 ad
605 2647 717 2692 manum
737 2629 940 2709 scalprumque
961 2631 1039 2690 ueni·

50 2712 159 2773 endum
176 2721 230 2772 est.

7 2824 39 2866 30
114 2795 180 2855 Duo
194 2815 265 2856 vero
281 2796 333 2856 sub
354 2797 412 2856 ictu
433 2797 577 2866 calvariae
599 2797 729 2877 pericula
754 2806 833 2866 sunt;
859 2814 896 2855 ne
921 2797 967 2855 vel
989 2797 1038 2854 liu·

50 2881 153 2956 datur,
170 2881 218 2940 vel
232 2881 353 2940 medium
371 2879 490 2940 desidat.
523 2881 552 2939 Si
568 2882 738 2955 desumere,
755 2888 876 2957 possunt
888 2896 957 2938 orac
973 2897 1039 2938 esse

50 2971 261 3041 compressae,
283 2963 331 3025 vel
353 2965 418 3042 quia
448 2964 538 3023 altera
571 2983 658 3042 super
686 2963 805 3024 alteram
828 2963 969 3031 excessit;
991 2960 1039 3020 vel

51 3048 142 3108 etiam
161 3049 228 3132 quia
243 3048 429 3108 vehementer
444 3065 476 3105 se
491 3065 589 3106 rursus
605 3049 816 3108 commiserunt.
840 3043 955 3122 Exque
971 3063 1038 3106 eve·

51 3131 107 3206 nit,
123 3139 154 3192 ut
167 3131 269 3192 humor
283 3131 318 3192 ad
333 3129 524 3190 membranam
539 3130 652 3208 quidem
667 3129 830 3205 descendat,
846 3129 952 3188 exitum
967 3147 1039 3189 vero

7 3239 40 3282 ³5
50 3213 247 3283 manicabant:
266 3233 301 3276 ao
317 3216 359 3275 sic
375 3233 436 3274 eam
450 3214 551 3288 irritet,
570 3215 717 3291 etgraves
730 3213 964 3274 inflammationes
979 3232 1038 3274 rno-

51 3308 132 3362 seat.
167 3299 206 3358 Ar
222 3299 269 3381 ubi
289 3299 410 3368 medium
428 3298 557 3371 desedit,
574 3298 702 3358 eamdem
717 3297 831 3358 cerebri
846 3297 1038 3358 membranam

49 3401 90 3443 os
107 3391 208 3458 urget:
231 3383 372 3443 interdum
388 3384 472 3441 etiam
494 3399 532 3442 ex
551 3382 675 3442 fractura
695 3381 862 3461 quibusdam
877 3382 956 3440 velut
973 3397 1037 3440 acu·

48 3467 109 3528 leis
135 3465 337 3545 pungentibus.
358 3467 410 3528 His
432 3465 470 3526 ita
483 3466 706 3531 succurrendum
721 3475 782 3544 est,
798 3475 828 3528 ut
846 3474 941 3526 tanen
955 3478 1038 3542 quum
1057 3505 1060 3510 -
