<?xml version="1.0" encoding="UTF-8"?>
<!DOCTYPE html PUBLIC "-//W3C//DTD XHTML 1.0 Transitional//EN"
    "http://www.w3.org/TR/xhtml1/DTD/xhtml1-transitional.dtd">
<html xmlns="http://www.w3.org/1999/xhtml" xml:lang="en" lang="en">
 <head>
  <title>
</title>
<meta http-equiv="Content-Type" content="text/html;charset=utf-8" />
  <meta name='ocr-system' content='tesseract 3.04.00' />
  <meta name='ocr-capabilities' content='ocr_page ocr_carea ocr_par ocr_line ocrx_word'/>
</head>
<body>
  <div class='ocr_page' id='page_1' title='image "./demedicinalibri00daregoog_0160.png"; bbox 0 0 2392 3906; ppageno 0'>
   <div class='ocr_carea' id='block_1_1' title="bbox 153 179 856 246">
    <p class='ocr_par' dir='ltr' id='par_1_1' title="bbox 153 179 856 246">
     <span class='ocr_line' id='line_1_1' title="bbox 153 179 856 246; baseline -0.006 -2"><span class='ocrx_word' id='word_1_1' title='bbox 153 179 212 246; x_wconf 82' lang='lat'><strong>108</strong></span> <span class='ocrx_word' id='word_1_2' title='bbox 452 195 486 242; x_wconf 79' lang='lat' dir='ltr'><strong>s.</strong></span> <span class='ocrx_word' id='word_1_3' title='bbox 502 193 532 242; x_wconf 89' lang='lat' dir='ltr'><strong>c.</strong></span> <span class='ocrx_word' id='word_1_4' title='bbox 548 193 647 242; x_wconf 82' lang='lat' dir='ltr'><strong>cnnsr</strong></span> <span class='ocrx_word' id='word_1_5' title='bbox 662 191 856 241; x_wconf 74' lang='lat' dir='ltr'><strong>uanrmuen</strong></span> 
     </span>
    </p>
   </div>
   <div class='ocr_carea' id='block_1_2' title="bbox 149 347 1150 595">
    <p class='ocr_par' dir='ltr' id='par_1_2' title="bbox 149 347 1150 595">
     <span class='ocr_line' id='line_1_2' title="bbox 149 347 1146 428; baseline -0.007 -20"><span class='ocrx_word' id='word_1_6' title='bbox 149 348 244 408; x_wconf 80' lang='lat' dir='ltr'><strong>alvum</strong></span> <span class='ocrx_word' id='word_1_7' title='bbox 262 347 412 409; x_wconf 75' lang='lat' dir='ltr'><strong>infundere</strong></span> <span class='ocrx_word' id='word_1_8' title='bbox 428 351 577 428; x_wconf 84' lang='lat' dir='ltr'><strong>copiosam</strong></span> <span class='ocrx_word' id='word_1_9' title='bbox 593 365 694 426; x_wconf 79' lang='lat' dir='ltr'><strong>aquam</strong></span> <span class='ocrx_word' id='word_1_10' title='bbox 710 347 846 424; x_wconf 89' lang='lat' dir='ltr'><strong>calidam,</strong></span> <span class='ocrx_word' id='word_1_11' title='bbox 863 363 986 425; x_wconf 86' lang='lat' dir='ltr'><strong>eamque</strong></span> <span class='ocrx_word' id='word_1_12' title='bbox 1001 347 1146 422; x_wconf 83' lang='lat' dir='ltr'><strong>recipere.</strong></span> 
     </span>
     <span class='ocr_line' id='line_1_3' title="bbox 151 427 1149 512; baseline -0.007 -20"><span class='ocrx_word' id='word_1_13' title='bbox 151 433 226 507; x_wconf 79' lang='lat' dir='ltr'><strong>Quin</strong></span> <span class='ocrx_word' id='word_1_14' title='bbox 242 434 326 492; x_wconf 89' lang='lat' dir='ltr'><strong>etiam</strong></span> <span class='ocrx_word' id='word_1_15' title='bbox 341 431 468 511; x_wconf 87' lang='lat' dir='ltr'><strong>quotidie</strong></span> <span class='ocrx_word' id='word_1_16' title='bbox 483 442 528 493; x_wconf 90' lang='lat' dir='ltr'><strong>ter</strong></span> <span class='ocrx_word' id='word_1_17' title='bbox 548 442 687 511; x_wconf 80' lang='lat' dir='ltr'><strong>quaterve</strong></span> <span class='ocrx_word' id='word_1_18' title='bbox 705 449 780 512; x_wconf 85' lang='lat' dir='ltr'><strong>opus</strong></span> <span class='ocrx_word' id='word_1_19' title='bbox 794 441 839 491; x_wconf 88' lang='lat' dir='ltr'><strong>est</strong></span> <span class='ocrx_word' id='word_1_20' title='bbox 853 433 893 492; x_wconf 93' lang='lat' dir='ltr'><strong>uti</strong></span> <span class='ocrx_word' id='word_1_21' title='bbox 912 432 1050 491; x_wconf 71' lang='lat' dir='ltr'><strong>frictione</strong></span> <span class='ocrx_word' id='word_1_22' title='bbox 1063 427 1149 486; x_wconf 84' lang='lat' dir='ltr'><strong>velue</strong></span> 
     </span>
     <span class='ocr_line' id='line_1_4' title="bbox 149 511 1150 595; baseline -0.004 -22"><span class='ocrx_word' id='word_1_23' title='bbox 149 517 237 574; x_wconf 88' lang='lat' dir='ltr'><strong>menti</strong></span> <span class='ocrx_word' id='word_1_24' title='bbox 276 533 338 576; x_wconf 87' lang='lat' dir='ltr'><strong>cuna</strong></span> <span class='ocrx_word' id='word_1_25' title='bbox 363 515 430 577; x_wconf 88' lang='lat' dir='ltr'><strong>cleo</strong></span> <span class='ocrx_word' id='word_1_26' title='bbox 454 524 483 576; x_wconf 90' lang='lat' dir='ltr'><strong>et</strong></span> <span class='ocrx_word' id='word_1_27' title='bbox 503 516 672 595; x_wconf 88' lang='lat' dir='ltr'><strong>quibusdam</strong></span> <span class='ocrx_word' id='word_1_28' title='bbox 692 515 945 577; x_wconf 73' lang='lat' dir='ltr'><strong>calefacientibus:</strong></span> <span class='ocrx_word' id='word_1_29' title='bbox 966 512 1019 574; x_wconf 91' lang='lat' dir='ltr'><strong>sed</strong></span> <span class='ocrx_word' id='word_1_30' title='bbox 1043 515 1074 570; x_wconf 91' lang='lat' dir='ltr'><strong>in</strong></span> <span class='ocrx_word' id='word_1_31' title='bbox 1099 511 1150 570; x_wconf 86' lang='lat' dir='ltr'><strong>bac</strong></span> 
     </span>
    </p>
   </div>
   <div class='ocr_carea' id='block_1_3' title="bbox 46 597 1150 678">
    <p class='ocr_par' dir='ltr' id='par_1_3' title="bbox 46 597 1150 678">
     <span class='ocr_line' id='line_1_5' title="bbox 46 597 1150 678; baseline -0.002 -22"><span class='ocrx_word' id='word_1_32' title='bbox 46 649 51 656; x_wconf 92' lang='lat'>.</span> <span class='ocrx_word' id='word_1_33' title='bbox 150 599 284 660; x_wconf 79' lang='lat' dir='ltr'><strong>frictione</strong></span> <span class='ocrx_word' id='word_1_34' title='bbox 297 618 314 660; x_wconf 94' lang='lat' dir='ltr'><strong>a</strong></span> <span class='ocrx_word' id='word_1_35' title='bbox 329 609 431 659; x_wconf 83' lang='lat' dir='ltr'><strong>ventre</strong></span> <span class='ocrx_word' id='word_1_36' title='bbox 444 599 642 660; x_wconf 83' lang='lat' dir='ltr'><strong>abstinendum</strong></span> <span class='ocrx_word' id='word_1_37' title='bbox 658 610 712 659; x_wconf 87' lang='lat' dir='ltr'><strong>est.</strong></span> <span class='ocrx_word' id='word_1_38' title='bbox 743 599 1034 678; x_wconf 85' lang='lat' dir='ltr'><strong>imponendumvero</strong></span> <span class='ocrx_word' id='word_1_39' title='bbox 1047 597 1150 655; x_wconf 68' lang='lat' dir='ltr'><strong>inem</strong></span> 
     </span>
    </p>
   </div>
   <div class='ocr_carea' id='block_1_4' title="bbox 83 679 1173 3112">
    <p class='ocr_par' dir='ltr' id='par_1_4' title="bbox 83 679 1173 3112">
     <span class='ocr_line' id='line_1_6' title="bbox 151 679 1168 761; baseline -0.005 -19"><span class='ocrx_word' id='word_1_40' title='bbox 151 682 282 742; x_wconf 87' lang='lat' dir='ltr'><strong>crebrius</strong></span> <span class='ocrx_word' id='word_1_41' title='bbox 296 684 400 761; x_wconf 78' lang='lat' dir='ltr'><strong>sinapi,</strong></span> <span class='ocrx_word' id='word_1_42' title='bbox 417 683 510 743; x_wconf 93' lang='lat' dir='ltr'><strong>donec</strong></span> <span class='ocrx_word' id='word_1_43' title='bbox 525 693 619 744; x_wconf 90' lang='lat' dir='ltr'><strong>cutem</strong></span> <span class='ocrx_word' id='word_1_44' title='bbox 636 685 751 753; x_wconf 89' lang='lat' dir='ltr'><strong>erodat;</strong></span> <span class='ocrx_word' id='word_1_45' title='bbox 767 684 1008 761; x_wconf 78' lang='lat' dir='ltr'><strong>ferramentisque</strong></span> <span class='ocrx_word' id='word_1_46' title='bbox 1024 679 1168 740; x_wconf 72' lang='lat' dir='ltr'><strong>cauden-s</strong></span> 
     </span>
     <span class='ocr_line' id='line_1_7' title="bbox 150 763 1150 844; baseline -0.004 -18"><span class='ocrx_word' id='word_1_47' title='bbox 150 765 226 826; x_wconf 87' lang='lat' dir='ltr'><strong>tibus</strong></span> <span class='ocrx_word' id='word_1_48' title='bbox 241 767 370 844; x_wconf 80' lang='lat' dir='ltr'><strong>pluribus</strong></span> <span class='ocrx_word' id='word_1_49' title='bbox 386 767 461 826; x_wconf 89' lang='lat' dir='ltr'><strong>locie</strong></span> <span class='ocrx_word' id='word_1_50' title='bbox 477 776 579 827; x_wconf 79' lang='lat' dir='ltr'><strong>venter</strong></span> <span class='ocrx_word' id='word_1_51' title='bbox 593 768 805 828; x_wconf 81' lang='lat' dir='ltr'><strong>exulcerandus</strong></span> <span class='ocrx_word' id='word_1_52' title='bbox 820 777 881 843; x_wconf 84' lang='lat' dir='ltr'><strong>est,</strong></span> <span class='ocrx_word' id='word_1_53' title='bbox 905 776 934 828; x_wconf 89' lang='lat' dir='ltr'><strong>et</strong></span> <span class='ocrx_word' id='word_1_54' title='bbox 949 764 1099 826; x_wconf 83' lang='lat' dir='ltr'><strong>servanda</strong></span> <span class='ocrx_word' id='word_1_55' title='bbox 1115 763 1150 822; x_wconf 90' lang='lat' dir='ltr'><strong>nl·</strong></span> 
     </span>
     <span class='ocr_line' id='line_1_8' title="bbox 141 847 1151 927; baseline -0.008 -13"><span class='ocrx_word' id='word_1_56' title='bbox 141 868 219 914; x_wconf 81' lang='lat' dir='ltr'><strong>‚cera</strong></span> <span class='ocrx_word' id='word_1_57' title='bbox 241 849 354 912; x_wconf 88' lang='lat' dir='ltr'><strong>diutius.</strong></span> <span class='ocrx_word' id='word_1_58' title='bbox 384 849 500 911; x_wconf 85' lang='lat' dir='ltr'><strong>Utiliter</strong></span> <span class='ocrx_word' id='word_1_59' title='bbox 523 853 609 911; x_wconf 88' lang='lat' dir='ltr'><strong>etiam</strong></span> <span class='ocrx_word' id='word_1_60' title='bbox 630 850 712 912; x_wconf 86' lang='lat' dir='ltr'><strong>scilla</strong></span> <span class='ocrx_word' id='word_1_61' title='bbox 729 860 813 912; x_wconf 89' lang='lat' dir='ltr'><strong>cocta</strong></span> <span class='ocrx_word' id='word_1_62' title='bbox 833 851 997 927; x_wconf 78' lang='lat' dir='ltr'><strong>delingitnr.</strong></span> <span class='ocrx_word' id='word_1_63' title='bbox 1026 847 1095 910; x_wconf 90' lang='lat' dir='ltr'><strong>Sed</strong></span> <span class='ocrx_word' id='word_1_64' title='bbox 1110 848 1151 907; x_wconf 91' lang='lat' dir='ltr'><strong>diu</strong></span> 
     </span>
     <span class='ocr_line' id='line_1_9' title="bbox 150 933 1128 1014; baseline -0.003 -21"><span class='ocrx_word' id='word_1_65' title='bbox 150 943 218 1014; x_wconf 86' lang='lat' dir='ltr'><strong>post</strong></span> <span class='ocrx_word' id='word_1_66' title='bbox 233 934 285 995; x_wconf 89' lang='lat' dir='ltr'><strong>bas</strong></span> <span class='ocrx_word' id='word_1_67' title='bbox 300 935 462 995; x_wconf 81' lang='lat' dir='ltr'><strong>inflationes</strong></span> <span class='ocrx_word' id='word_1_68' title='bbox 475 935 673 996; x_wconf 87' lang='lat' dir='ltr'><strong>abstinendum</strong></span> <span class='ocrx_word' id='word_1_69' title='bbox 688 943 733 996; x_wconf 88' lang='lat' dir='ltr'><strong>est</strong></span> <span class='ocrx_word' id='word_1_70' title='bbox 748 935 784 996; x_wconf 91' lang='lat' dir='ltr'><strong>ab</strong></span> <span class='ocrx_word' id='word_1_71' title='bbox 802 935 932 996; x_wconf 87' lang='lat' dir='ltr'><strong>omnibus</strong></span> <span class='ocrx_word' id='word_1_72' title='bbox 947 933 1128 994; x_wconf 79' lang='lat' dir='ltr'><strong>inflantibus.</strong></span> 
     </span>
     <span class='ocr_line' id='line_1_10' title="bbox 211 1017 1152 1100; baseline -0.003 -23"><span class='ocrx_word' id='word_1_73' title='bbox 211 1018 251 1077; x_wconf 78' lang='lat' dir='ltr'><strong>Aa</strong></span> <span class='ocrx_word' id='word_1_74' title='bbox 266 1020 291 1078; x_wconf 88' lang='lat' dir='ltr'><strong>si</strong></span> <span class='ocrx_word' id='word_1_75' title='bbox 306 1019 335 1078; x_wconf 89' lang='lat' dir='ltr'><strong>id</strong></span> <span class='ocrx_word' id='word_1_76' title='bbox 349 1019 446 1078; x_wconf 81' lang='lat' dir='ltr'><strong>vitium</strong></span> <span class='ocrx_word' id='word_1_77' title='bbox 461 1028 516 1096; x_wconf 88' lang='lat' dir='ltr'><strong>est,</strong></span> <span class='ocrx_word' id='word_1_78' title='bbox 532 1022 577 1078; x_wconf 93' lang='lat' dir='ltr'><strong>cui</strong></span> <span class='ocrx_word' id='word_1_79' title='bbox 593 1017 882 1100; x_wconf 66' lang='grc' dir='ltr'><strong>λευκοφλεγματίαι</strong></span> <span class='ocrx_word' id='word_1_80' title='bbox 897 1037 1001 1080; x_wconf 86' lang='lat' dir='ltr'><strong>nomen</strong></span> <span class='ocrx_word' id='word_1_81' title='bbox 1017 1026 1087 1093; x_wconf 87' lang='lat' dir='ltr'><strong>est,</strong></span> <span class='ocrx_word' id='word_1_82' title='bbox 1106 1033 1152 1076; x_wconf 86' lang='lat' dir='ltr'><strong>eas</strong></span> 
     </span>
     <span class='ocr_line' id='line_1_11' title="bbox 150 1101 1173 1182; baseline -0.004 -22"><span class='ocrx_word' id='word_1_83' title='bbox 150 1111 265 1181; x_wconf 82' lang='lat' dir='ltr'><strong>partes,</strong></span> <span class='ocrx_word' id='word_1_84' title='bbox 281 1119 355 1180; x_wconf 89' lang='lat' dir='ltr'><strong>quae</strong></span> <span class='ocrx_word' id='word_1_85' title='bbox 370 1111 491 1178; x_wconf 88' lang='lat' dir='ltr'><strong>tument,</strong></span> <span class='ocrx_word' id='word_1_86' title='bbox 507 1103 654 1178; x_wconf 87' lang='lat' dir='ltr'><strong>subjicere</strong></span> <span class='ocrx_word' id='word_1_87' title='bbox 669 1104 724 1164; x_wconf 92' lang='lat' dir='ltr'><strong>soli</strong></span> <span class='ocrx_word' id='word_1_88' title='bbox 737 1112 866 1182; x_wconf 89' lang='lat' dir='ltr'><strong>oportet;</strong></span> <span class='ocrx_word' id='word_1_89' title='bbox 882 1101 1005 1163; x_wconf 86' lang='lat' dir='ltr'><strong>sednon</strong></span> <span class='ocrx_word' id='word_1_90' title='bbox 1020 1102 1173 1174; x_wconf 66' lang='lat' dir='ltr'><strong>nimiarum</strong></span> 
     </span>
     <span class='ocr_line' id='line_1_12' title="bbox 151 1184 1151 1264; baseline -0.002 -20"><span class='ocrx_word' id='word_1_91' title='bbox 151 1203 188 1244; x_wconf 92' lang='lat' dir='ltr'><strong>ne</strong></span> <span class='ocrx_word' id='word_1_92' title='bbox 202 1184 373 1245; x_wconf 82' lang='lat' dir='ltr'><strong>febriculam</strong></span> <span class='ocrx_word' id='word_1_93' title='bbox 388 1186 544 1248; x_wconf 90' lang='lat' dir='ltr'><strong>accendat:</strong></span> <span class='ocrx_word' id='word_1_94' title='bbox 567 1191 591 1246; x_wconf 86' lang='lat' dir='ltr'><strong>si</strong></span> <span class='ocrx_word' id='word_1_95' title='bbox 609 1189 635 1246; x_wconf 89' lang='lat' dir='ltr'><strong>is</strong></span> <span class='ocrx_word' id='word_1_96' title='bbox 649 1187 847 1248; x_wconf 83' lang='lat' dir='ltr'><strong>vehementior</strong></span> <span class='ocrx_word' id='word_1_97' title='bbox 864 1197 923 1264; x_wconf 88' lang='lat' dir='ltr'><strong>cst,</strong></span> <span class='ocrx_word' id='word_1_98' title='bbox 948 1194 1035 1264; x_wconf 87' lang='lat' dir='ltr'><strong>eaput</strong></span> <span class='ocrx_word' id='word_1_99' title='bbox 1054 1184 1151 1244; x_wconf 81' lang='lat' dir='ltr'><strong>velen</strong></span> 
     </span>
     <span class='ocr_line' id='line_1_13' title="bbox 151 1267 1153 1348; baseline -0.002 -20"><span class='ocrx_word' id='word_1_100' title='bbox 151 1268 216 1328; x_wconf 90' lang='lat' dir='ltr'><strong>dum</strong></span> <span class='ocrx_word' id='word_1_101' title='bbox 237 1278 296 1328; x_wconf 87' lang='lat' dir='ltr'><strong>est:</strong></span> <span class='ocrx_word' id='word_1_102' title='bbox 318 1270 510 1348; x_wconf 87' lang='lat' dir='ltr'><strong>utendumque</strong></span> <span class='ocrx_word' id='word_1_103' title='bbox 531 1270 682 1346; x_wconf 86' lang='lat' dir='ltr'><strong>frictione,</strong></span> <span class='ocrx_word' id='word_1_104' title='bbox 703 1271 874 1332; x_wconf 86' lang='lat' dir='ltr'><strong>madefactis</strong></span> <span class='ocrx_word' id='word_1_105' title='bbox 894 1279 1000 1330; x_wconf 82' lang='lat' dir='ltr'><strong>tanunn</strong></span> <span class='ocrx_word' id='word_1_106' title='bbox 1018 1267 1153 1328; x_wconf 84' lang='lat' dir='ltr'><strong>manibus</strong></span> 
     </span>
     <span class='ocr_line' id='line_1_14' title="bbox 134 1353 1154 1436; baseline -0.003 -24"><span class='ocrx_word' id='word_1_107' title='bbox 134 1369 241 1430; x_wconf 71' lang='lat' dir='ltr'><strong>⁸uqua,</strong></span> <span class='ocrx_word' id='word_1_108' title='bbox 264 1354 309 1412; x_wconf 88' lang='lat' dir='ltr'><strong>cui</strong></span> <span class='ocrx_word' id='word_1_109' title='bbox 328 1353 416 1414; x_wconf 87' lang='lat' dir='ltr'><strong>salet</strong></span> <span class='ocrx_word' id='word_1_110' title='bbox 434 1356 536 1414; x_wconf 93' lang='lat' dir='ltr'><strong>nitrum</strong></span> <span class='ocrx_word' id='word_1_111' title='bbox 552 1364 582 1414; x_wconf 88' lang='lat' dir='ltr'><strong>et</strong></span> <span class='ocrx_word' id='word_1_112' title='bbox 594 1355 652 1415; x_wconf 91' lang='lat' dir='ltr'><strong>olei</strong></span> <span class='ocrx_word' id='word_1_113' title='bbox 667 1355 781 1436; x_wconf 84' lang='lat' dir='ltr'><strong>paulum</strong></span> <span class='ocrx_word' id='word_1_114' title='bbox 796 1358 835 1415; x_wconf 91' lang='lat' dir='ltr'><strong>sit</strong></span> <span class='ocrx_word' id='word_1_115' title='bbox 855 1355 1014 1431; x_wconf 82' lang='lat' dir='ltr'><strong>adjectum:</strong></span> <span class='ocrx_word' id='word_1_116' title='bbox 1037 1354 1107 1429; x_wconf 82' lang='lat' dir='ltr'><strong>sic,</strong></span> <span class='ocrx_word' id='word_1_117' title='bbox 1129 1359 1154 1409; x_wconf 89' lang='lat' dir='ltr'><strong>nt</strong></span> 
     </span>
     <span class='ocr_line' id='line_1_15' title="bbox 151 1436 1153 1516; baseline -0.001 -20"><span class='ocrx_word' id='word_1_118' title='bbox 151 1443 199 1496; x_wconf 90' lang='lat' dir='ltr'><strong>aut</strong></span> <span class='ocrx_word' id='word_1_119' title='bbox 220 1436 348 1515; x_wconf 85' lang='lat' dir='ltr'><strong>pueriles</strong></span> <span class='ocrx_word' id='word_1_120' title='bbox 368 1447 416 1498; x_wconf 89' lang='lat' dir='ltr'><strong>ant</strong></span> <span class='ocrx_word' id='word_1_121' title='bbox 437 1437 592 1498; x_wconf 87' lang='lat' dir='ltr'><strong>muliebres</strong></span> <span class='ocrx_word' id='word_1_122' title='bbox 614 1457 712 1500; x_wconf 87' lang='lat' dir='ltr'><strong>manus</strong></span> <span class='ocrx_word' id='word_1_123' title='bbox 734 1439 936 1515; x_wconf 80' lang='lat' dir='ltr'><strong>adhibeantur,</strong></span> <span class='ocrx_word' id='word_1_124' title='bbox 955 1454 1012 1516; x_wconf 95' lang='lat' dir='ltr'><strong>quo</strong></span> <span class='ocrx_word' id='word_1_125' title='bbox 1032 1436 1153 1497; x_wconf 83' lang='lat' dir='ltr'><strong>mollior</strong></span> 
     </span>
     <span class='ocr_line' id='line_1_16' title="bbox 151 1521 1173 1602; baseline -0.001 -22"><span class='ocrx_word' id='word_1_126' title='bbox 151 1537 248 1580; x_wconf 88' lang='lat' dir='ltr'><strong>earnm</strong></span> <span class='ocrx_word' id='word_1_127' title='bbox 269 1529 363 1581; x_wconf 87' lang='lat' dir='ltr'><strong>tactus</strong></span> <span class='ocrx_word' id='word_1_128' title='bbox 383 1525 434 1582; x_wconf 88' lang='lat' dir='ltr'><strong>sit:</strong></span> <span class='ocrx_word' id='word_1_129' title='bbox 460 1522 562 1600; x_wconf 89' lang='lat' dir='ltr'><strong>idque,</strong></span> <span class='ocrx_word' id='word_1_130' title='bbox 586 1525 610 1583; x_wconf 89' lang='lat' dir='ltr'><strong>si</strong></span> <span class='ocrx_word' id='word_1_131' title='bbox 630 1524 708 1582; x_wconf 82' lang='lat' dir='ltr'><strong>vires</strong></span> <span class='ocrx_word' id='word_1_132' title='bbox 730 1526 888 1602; x_wconf 88' lang='lat' dir='ltr'><strong>patiuntur,</strong></span> <span class='ocrx_word' id='word_1_133' title='bbox 912 1525 978 1582; x_wconf 84' lang='lat' dir='ltr'><strong>ante</strong></span> <span class='ocrx_word' id='word_1_134' title='bbox 999 1521 1173 1580; x_wconf 76' lang='lat' dir='ltr'><strong>meridienu</strong></span> 
     </span>
     <span class='ocr_line' id='line_1_17' title="bbox 150 1603 1152 1687; baseline 0 -23"><span class='ocrx_word' id='word_1_135' title='bbox 150 1612 211 1664; x_wconf 87' lang='lat' dir='ltr'><strong>tota</strong></span> <span class='ocrx_word' id='word_1_136' title='bbox 226 1603 313 1681; x_wconf 89' lang='lat' dir='ltr'><strong>bora,</strong></span> <span class='ocrx_word' id='word_1_137' title='bbox 329 1614 397 1683; x_wconf 88' lang='lat' dir='ltr'><strong>post</strong></span> <span class='ocrx_word' id='word_1_138' title='bbox 411 1607 557 1666; x_wconf 88' lang='lat' dir='ltr'><strong>meridiem</strong></span> <span class='ocrx_word' id='word_1_139' title='bbox 569 1607 713 1668; x_wconf 84' lang='lat' dir='ltr'><strong>semihora</strong></span> <span class='ocrx_word' id='word_1_140' title='bbox 725 1609 787 1668; x_wconf 89' lang='lat' dir='ltr'><strong>lieri</strong></span> <span class='ocrx_word' id='word_1_141' title='bbox 803 1616 929 1687; x_wconf 86' lang='lat' dir='ltr'><strong>oportet.</strong></span> <span class='ocrx_word' id='word_1_142' title='bbox 963 1605 1053 1667; x_wconf 86' lang='lat' dir='ltr'><strong>Utilia</strong></span> <span class='ocrx_word' id='word_1_143' title='bbox 1070 1605 1152 1664; x_wconf 85' lang='lat' dir='ltr'><strong>etian</strong></span> 
     </span>
     <span class='ocr_line' id='line_1_18' title="bbox 151 1689 1151 1770; baseline 0 -24"><span class='ocrx_word' id='word_1_144' title='bbox 151 1696 216 1746; x_wconf 87' lang='lat' dir='ltr'><strong>sunt</strong></span> <span class='ocrx_word' id='word_1_145' title='bbox 237 1689 456 1766; x_wconf 86' lang='lat' dir='ltr'><strong>cataplasmata,</strong></span> <span class='ocrx_word' id='word_1_146' title='bbox 478 1708 553 1766; x_wconf 88' lang='lat' dir='ltr'><strong>quae</strong></span> <span class='ocrx_word' id='word_1_147' title='bbox 574 1692 746 1770; x_wconf 85' lang='lat' dir='ltr'><strong>reprimunt;</strong></span> <span class='ocrx_word' id='word_1_148' title='bbox 769 1693 950 1769; x_wconf 86' lang='lat' dir='ltr'><strong>maximeque</strong></span> <span class='ocrx_word' id='word_1_149' title='bbox 975 1692 998 1750; x_wconf 91' lang='lat' dir='ltr'><strong>si</strong></span> <span class='ocrx_word' id='word_1_150' title='bbox 1022 1705 1151 1768; x_wconf 87' lang='lat' dir='ltr'><strong>corpora</strong></span> 
     </span>
     <span class='ocr_line' id='line_1_19' title="bbox 151 1772 1152 1854; baseline 0 -24"><span class='ocrx_word' id='word_1_151' title='bbox 151 1773 296 1830; x_wconf 86' lang='lat' dir='ltr'><strong>teneriora</strong></span> <span class='ocrx_word' id='word_1_152' title='bbox 312 1781 384 1832; x_wconf 88' lang='lat' dir='ltr'><strong>sunt.</strong></span> <span class='ocrx_word' id='word_1_153' title='bbox 413 1772 596 1833; x_wconf 87' lang='lat' dir='ltr'><strong>Incidendum</strong></span> <span class='ocrx_word' id='word_1_154' title='bbox 612 1791 729 1853; x_wconf 90' lang='lat' dir='ltr'><strong>quoquc</strong></span> <span class='ocrx_word' id='word_1_155' title='bbox 744 1784 789 1835; x_wconf 90' lang='lat' dir='ltr'><strong>est</strong></span> <span class='ocrx_word' id='word_1_156' title='bbox 804 1792 893 1854; x_wconf 85' lang='lat' dir='ltr'><strong>super</strong></span> <span class='ocrx_word' id='word_1_157' title='bbox 907 1775 1008 1850; x_wconf 89' lang='lat' dir='ltr'><strong>talum,</strong></span> <span class='ocrx_word' id='word_1_158' title='bbox 1026 1783 1152 1852; x_wconf 87' lang='lat' dir='ltr'><strong>quatuor</strong></span> 
     </span>
     <span class='ocr_line' id='line_1_20' title="bbox 151 1854 1151 1939; baseline 0.002 -26"><span class='ocrx_word' id='word_1_159' title='bbox 151 1855 214 1913; x_wconf 87' lang='lat' dir='ltr'><strong>fere</strong></span> <span class='ocrx_word' id='word_1_160' title='bbox 231 1854 338 1931; x_wconf 77' lang='lat' dir='ltr'><strong>digitis,</strong></span> <span class='ocrx_word' id='word_1_161' title='bbox 353 1875 391 1914; x_wconf 86' lang='lat' dir='ltr'><strong>ex</strong></span> <span class='ocrx_word' id='word_1_162' title='bbox 408 1865 492 1936; x_wconf 87' lang='lat' dir='ltr'><strong>parte</strong></span> <span class='ocrx_word' id='word_1_163' title='bbox 506 1859 653 1933; x_wconf 86' lang='lat' dir='ltr'><strong>interiore,</strong></span> <span class='ocrx_word' id='word_1_164' title='bbox 673 1877 727 1936; x_wconf 91' lang='lat' dir='ltr'><strong>qua</strong></span> <span class='ocrx_word' id='word_1_165' title='bbox 744 1877 797 1939; x_wconf 88' lang='lat' dir='ltr'><strong>per</strong></span> <span class='ocrx_word' id='word_1_166' title='bbox 812 1860 921 1938; x_wconf 84' lang='lat' dir='ltr'><strong>aliquot</strong></span> <span class='ocrx_word' id='word_1_167' title='bbox 932 1858 993 1919; x_wconf 90' lang='lat' dir='ltr'><strong>dies</strong></span> <span class='ocrx_word' id='word_1_168' title='bbox 1011 1858 1151 1935; x_wconf 85' lang='lat' dir='ltr'><strong>frequens</strong></span> 
     </span>
     <span class='ocr_line' id='line_1_21' title="bbox 83 1936 1172 2021; baseline 0.003 -25"><span class='ocrx_word' id='word_1_169' title='bbox 83 2002 87 2010; x_wconf 62' lang='grc'>,</span> <span class='ocrx_word' id='word_1_170' title='bbox 151 1936 251 1998; x_wconf 86' lang='lat' dir='ltr'><strong>humor</strong></span> <span class='ocrx_word' id='word_1_171' title='bbox 265 1939 387 2009; x_wconf 89' lang='lat' dir='ltr'><strong>feratur;</strong></span> <span class='ocrx_word' id='word_1_172' title='bbox 406 1949 491 2018; x_wconf 88' lang='lat' dir='ltr'><strong>atque</strong></span> <span class='ocrx_word' id='word_1_173' title='bbox 503 1942 584 2020; x_wconf 83' lang='lat' dir='ltr'><strong>ipsos</strong></span> <span class='ocrx_word' id='word_1_174' title='bbox 595 1951 722 2002; x_wconf 87' lang='lat' dir='ltr'><strong>tumores</strong></span> <span class='ocrx_word' id='word_1_175' title='bbox 733 1943 860 2004; x_wconf 88' lang='lat' dir='ltr'><strong>incidere</strong></span> <span class='ocrx_word' id='word_1_176' title='bbox 872 1943 938 2004; x_wconf 89' lang='lat' dir='ltr'><strong>altis</strong></span> <span class='ocrx_word' id='word_1_177' title='bbox 951 1942 1046 2021; x_wconf 78' lang='lat' dir='ltr'><strong>plagis</strong></span> <span class='ocrx_word' id='word_1_178' title='bbox 1066 1950 1172 2019; x_wconf 72' lang='lat' dir='ltr'><strong>opor-t</strong></span> 
     </span>
     <span class='ocr_line' id='line_1_22' title="bbox 151 2019 1150 2106; baseline 0.005 -26"><span class='ocrx_word' id='word_1_179' title='bbox 151 2031 193 2081; x_wconf 88' lang='grc' dir='ltr'><strong>ιει</strong></span> <span class='ocrx_word' id='word_1_180' title='bbox 208 2019 256 2099; x_wconf 81' lang='grc'><strong>*);</strong></span> <span class='ocrx_word' id='word_1_181' title='bbox 273 2024 549 2104; x_wconf 84' lang='lat' dir='ltr'><strong>concutiendumque</strong></span> <span class='ocrx_word' id='word_1_182' title='bbox 563 2025 649 2086; x_wconf 88' lang='lat' dir='ltr'><strong>multa</strong></span> <span class='ocrx_word' id='word_1_183' title='bbox 664 2029 826 2104; x_wconf 82' lang='lat' dir='ltr'><strong>gestatione</strong></span> <span class='ocrx_word' id='word_1_184' title='bbox 843 2043 950 2106; x_wconf 84' lang='lat' dir='ltr'><strong>eorpus</strong></span> <span class='ocrx_word' id='word_1_185' title='bbox 969 2035 1027 2086; x_wconf 89' lang='lat' dir='ltr'><strong>cst:</strong></span> <span class='ocrx_word' id='word_1_186' title='bbox 1051 2035 1150 2104; x_wconf 87' lang='lat' dir='ltr'><strong>atque,</strong></span> 
     </span>
     <span class='ocr_line' id='line_1_23' title="bbox 150 2105 1150 2188; baseline 0.003 -24"><span class='ocrx_word' id='word_1_187' title='bbox 150 2105 199 2165; x_wconf 87' lang='lat' dir='ltr'><strong>ubi</strong></span> <span class='ocrx_word' id='word_1_188' title='bbox 215 2107 347 2167; x_wconf 86' lang='lat' dir='ltr'><strong>inductae</strong></span> <span class='ocrx_word' id='word_1_189' title='bbox 363 2109 531 2168; x_wconf 83' lang='lat' dir='ltr'><strong>vulneribus</strong></span> <span class='ocrx_word' id='word_1_190' title='bbox 547 2111 700 2171; x_wconf 85' lang='lat' dir='ltr'><strong>cicatrices</strong></span> <span class='ocrx_word' id='word_1_191' title='bbox 718 2122 798 2188; x_wconf 86' lang='lat' dir='ltr'><strong>sunt,</strong></span> <span class='ocrx_word' id='word_1_192' title='bbox 813 2110 1002 2187; x_wconf 86' lang='lat' dir='ltr'><strong>adjiciendum</strong></span> <span class='ocrx_word' id='word_1_193' title='bbox 1019 2118 1050 2168; x_wconf 86' lang='lat' dir='ltr'><strong>et</strong></span> <span class='ocrx_word' id='word_1_194' title='bbox 1069 2127 1150 2169; x_wconf 87' lang='lat' dir='ltr'><strong>exer·</strong></span> 
     </span>
     <span class='ocr_line' id='line_1_24' title="bbox 153 2190 1150 2275; baseline 0.003 -26"><span class='ocrx_word' id='word_1_195' title='bbox 153 2190 334 2252; x_wconf 90' lang='lat' dir='ltr'><strong>citationibus</strong></span> <span class='ocrx_word' id='word_1_196' title='bbox 350 2201 404 2268; x_wconf 89' lang='lat' dir='ltr'><strong>est,</strong></span> <span class='ocrx_word' id='word_1_197' title='bbox 419 2201 448 2254; x_wconf 92' lang='lat' dir='ltr'><strong>et</strong></span> <span class='ocrx_word' id='word_1_198' title='bbox 464 2193 552 2271; x_wconf 88' lang='lat' dir='ltr'><strong>cibis,</strong></span> <span class='ocrx_word' id='word_1_199' title='bbox 577 2194 673 2256; x_wconf 89' lang='lat' dir='ltr'><strong>donec</strong></span> <span class='ocrx_word' id='word_1_200' title='bbox 688 2214 795 2275; x_wconf 85' lang='lat' dir='ltr'><strong>corpus</strong></span> <span class='ocrx_word' id='word_1_201' title='bbox 810 2196 845 2256; x_wconf 90' lang='lat' dir='ltr'><strong>ad</strong></span> <span class='ocrx_word' id='word_1_202' title='bbox 861 2197 1009 2275; x_wconf 85' lang='lat' dir='ltr'><strong>pristinum</strong></span> <span class='ocrx_word' id='word_1_203' title='bbox 1022 2193 1150 2253; x_wconf 85' lang='lat' dir='ltr'><strong>barbiton</strong></span> 
     </span>
     <span class='ocr_line' id='line_1_25' title="bbox 151 2276 1150 2357; baseline 0 -23"><span class='ocrx_word' id='word_1_204' title='bbox 151 2284 323 2336; x_wconf 85' lang='lat' dir='ltr'><strong>revertatur.</strong></span> <span class='ocrx_word' id='word_1_205' title='bbox 359 2276 447 2338; x_wconf 86' lang='lat' dir='ltr'><strong>Gibus</strong></span> <span class='ocrx_word' id='word_1_206' title='bbox 463 2278 564 2338; x_wconf 82' lang='lat' dir='ltr'><strong>valens</strong></span> <span class='ocrx_word' id='word_1_207' title='bbox 581 2298 648 2339; x_wconf 89' lang='lat' dir='ltr'><strong>esse</strong></span> <span class='ocrx_word' id='word_1_208' title='bbox 663 2280 760 2356; x_wconf 89' lang='lat' dir='ltr'><strong>debet,</strong></span> <span class='ocrx_word' id='word_1_209' title='bbox 777 2289 805 2339; x_wconf 92' lang='grc' dir='ltr'><strong>ει</strong></span> <span class='ocrx_word' id='word_1_210' title='bbox 820 2280 997 2357; x_wconf 77' lang='lat' dir='ltr'><strong>glutinosus,</strong></span> <span class='ocrx_word' id='word_1_211' title='bbox 1013 2279 1150 2338; x_wconf 83' lang='lat' dir='ltr'><strong>maxime</strong></span> 
     </span>
     <span class='ocr_line' id='line_1_26' title="bbox 152 2361 1172 2442; baseline 0.002 -24"><span class='ocrx_word' id='word_1_212' title='bbox 152 2375 207 2436; x_wconf 89' lang='lat' dir='ltr'><strong>que</strong></span> <span class='ocrx_word' id='word_1_213' title='bbox 227 2377 313 2419; x_wconf 89' lang='lat' dir='ltr'><strong>caro:</strong></span> <span class='ocrx_word' id='word_1_214' title='bbox 328 2361 441 2438; x_wconf 86' lang='lat' dir='ltr'><strong>vinum,</strong></span> <span class='ocrx_word' id='word_1_215' title='bbox 462 2363 487 2422; x_wconf 90' lang='lat' dir='ltr'><strong>si</strong></span> <span class='ocrx_word' id='word_1_216' title='bbox 506 2381 560 2442; x_wconf 85' lang='lat' dir='ltr'><strong>per</strong></span> <span class='ocrx_word' id='word_1_217' title='bbox 579 2364 756 2423; x_wconf 88' lang='lat' dir='ltr'><strong>stomachum</strong></span> <span class='ocrx_word' id='word_1_218' title='bbox 773 2363 858 2439; x_wconf 87' lang='lat' dir='ltr'><strong>licet,</strong></span> <span class='ocrx_word' id='word_1_219' title='bbox 876 2363 1003 2430; x_wconf 90' lang='lat' dir='ltr'><strong>dulcius;</strong></span> <span class='ocrx_word' id='word_1_220' title='bbox 1026 2361 1083 2420; x_wconf 89' lang='lat' dir='ltr'><strong>sed</strong></span> <span class='ocrx_word' id='word_1_221' title='bbox 1104 2363 1172 2433; x_wconf 66' lang='lat' dir='ltr'><strong>itan</strong></span> 
     </span>
     <span class='ocr_line' id='line_1_27' title="bbox 151 2442 1149 2524; baseline 0.002 -25"><span class='ocrx_word' id='word_1_222' title='bbox 151 2450 182 2499; x_wconf 87' lang='lat' dir='ltr'><strong>ut</strong></span> <span class='ocrx_word' id='word_1_223' title='bbox 206 2442 329 2502; x_wconf 80' lang='lat' dir='ltr'><strong>invicem</strong></span> <span class='ocrx_word' id='word_1_224' title='bbox 351 2444 437 2506; x_wconf 95' lang='lat' dir='ltr'><strong>biduo</strong></span> <span class='ocrx_word' id='word_1_225' title='bbox 458 2447 609 2521; x_wconf 84' lang='lat' dir='ltr'><strong>triduove,</strong></span> <span class='ocrx_word' id='word_1_226' title='bbox 634 2447 720 2506; x_wconf 93' lang='lat' dir='ltr'><strong>modo</strong></span> <span class='ocrx_word' id='word_1_227' title='bbox 745 2463 835 2524; x_wconf 87' lang='lat' dir='ltr'><strong>aque,</strong></span> <span class='ocrx_word' id='word_1_228' title='bbox 860 2446 945 2506; x_wconf 92' lang='lat' dir='ltr'><strong>modo</strong></span> <span class='ocrx_word' id='word_1_229' title='bbox 970 2445 999 2505; x_wconf 94' lang='lat' dir='ltr'><strong>id</strong></span> <span class='ocrx_word' id='word_1_230' title='bbox 1024 2445 1149 2506; x_wconf 86' lang='lat' dir='ltr'><strong>bibatur.</strong></span> 
     </span>
     <span class='ocr_line' id='line_1_28' title="bbox 151 2523 1150 2609; baseline 0.006 -28"><span class='ocrx_word' id='word_1_231' title='bbox 151 2523 275 2584; x_wconf 83' lang='lat' dir='ltr'><strong>Prodest</strong></span> <span class='ocrx_word' id='word_1_232' title='bbox 297 2526 382 2585; x_wconf 86' lang='lat' dir='ltr'><strong>etiam</strong></span> <span class='ocrx_word' id='word_1_233' title='bbox 404 2528 536 2588; x_wconf 89' lang='lat' dir='ltr'><strong>lactucae</strong></span> <span class='ocrx_word' id='word_1_234' title='bbox 558 2530 683 2589; x_wconf 89' lang='lat' dir='ltr'><strong>marinae</strong></span> <span class='ocrx_word' id='word_1_235' title='bbox 707 2530 762 2609; x_wconf 92' lang='lat' dir='ltr'><strong>(cf.</strong></span> <span class='ocrx_word' id='word_1_236' title='bbox 781 2529 884 2606; x_wconf 79' lang='lat'><strong>11,12,</strong></span> <span class='ocrx_word' id='word_1_237' title='bbox 903 2531 937 2607; x_wconf 86' lang='lat'><strong>1)</strong></span> <span class='ocrx_word' id='word_1_238' title='bbox 960 2545 1063 2589; x_wconf 86' lang='lat' dir='ltr'><strong>semen</strong></span> <span class='ocrx_word' id='word_1_239' title='bbox 1091 2545 1150 2588; x_wconf 90' lang='lat' dir='ltr'><strong>cun</strong></span> 
     </span>
     <span class='ocr_line' id='line_1_29' title="bbox 152 2609 1151 2692; baseline 0.006 -27"><span class='ocrx_word' id='word_1_240' title='bbox 152 2623 226 2684; x_wconf 90' lang='lat' dir='ltr'><strong>aqua</strong></span> <span class='ocrx_word' id='word_1_241' title='bbox 248 2609 328 2684; x_wconf 90' lang='lat' dir='ltr'><strong>potui</strong></span> <span class='ocrx_word' id='word_1_242' title='bbox 349 2609 454 2670; x_wconf 90' lang='lat' dir='ltr'><strong>datum.</strong></span> <span class='ocrx_word' id='word_1_243' title='bbox 485 2613 516 2671; x_wconf 92' lang='lat' dir='ltr'><strong>Si</strong></span> <span class='ocrx_word' id='word_1_244' title='bbox 537 2613 639 2671; x_wconf 84' lang='lat' dir='ltr'><strong>valens</strong></span> <span class='ocrx_word' id='word_1_245' title='bbox 663 2623 725 2690; x_wconf 88' lang='lat' dir='ltr'><strong>est,</strong></span> <span class='ocrx_word' id='word_1_246' title='bbox 752 2614 848 2692; x_wconf 92' lang='lat' dir='ltr'><strong>quiid</strong></span> <span class='ocrx_word' id='word_1_247' title='bbox 869 2615 992 2692; x_wconf 80' lang='lat' dir='ltr'><strong>accipit,</strong></span> <span class='ocrx_word' id='word_1_248' title='bbox 1015 2623 1044 2673; x_wconf 92' lang='lat' dir='ltr'><strong>et</strong></span> <span class='ocrx_word' id='word_1_249' title='bbox 1065 2613 1151 2672; x_wconf 82' lang='lat' dir='ltr'><strong>scilla</strong></span> 
     </span>
     <span class='ocr_line' id='line_1_30' title="bbox 152 2691 1148 2776; baseline 0.008 -28"><span class='ocrx_word' id='word_1_250' title='bbox 152 2698 254 2764; x_wconf 87' lang='lat' dir='ltr'><strong>cocta,</strong></span> <span class='ocrx_word' id='word_1_251' title='bbox 272 2691 347 2750; x_wconf 89' lang='lat' dir='ltr'><strong>sicut</strong></span> <span class='ocrx_word' id='word_1_252' title='bbox 362 2709 449 2770; x_wconf 88' lang='lat' dir='ltr'><strong>supra</strong></span> <span class='ocrx_word' id='word_1_253' title='bbox 464 2694 539 2770; x_wconf 86' lang='lat' dir='ltr'><strong>dixi,</strong></span> <span class='ocrx_word' id='word_1_254' title='bbox 556 2694 719 2772; x_wconf 84' lang='lat' dir='ltr'><strong>delingitnr.</strong></span> <span class='ocrx_word' id='word_1_255' title='bbox 753 2698 958 2776; x_wconf 82' lang='lat' dir='ltr'><strong>Auctoresque</strong></span> <span class='ocrx_word' id='word_1_256' title='bbox 973 2696 1053 2756; x_wconf 92' lang='lat' dir='ltr'><strong>multi</strong></span> <span class='ocrx_word' id='word_1_257' title='bbox 1076 2705 1148 2770; x_wconf 86' lang='lat' dir='ltr'><strong>sunt,</strong></span> 
     </span>
     <span class='ocr_line' id='line_1_31' title="bbox 150 2772 1173 2859; baseline 0.013 -29"><span class='ocrx_word' id='word_1_258' title='bbox 150 2772 378 2833; x_wconf 85' lang='lat' dir='ltr'><strong>inflatis&#39;veeicis</strong></span> <span class='ocrx_word' id='word_1_259' title='bbox 392 2775 549 2853; x_wconf 84' lang='lat' dir='ltr'><strong>pulsandos</strong></span> <span class='ocrx_word' id='word_1_260' title='bbox 564 2787 691 2840; x_wconf 89' lang='lat' dir='ltr'><strong>tumores</strong></span> <span class='ocrx_word' id='word_1_261' title='bbox 709 2799 777 2841; x_wconf 90' lang='lat' dir='ltr'><strong>esse</strong></span> <span class='ocrx_word' id='word_1_262' title='bbox 793 2782 848 2859; x_wconf 90' lang='lat' dir='ltr'><strong>(cf.</strong></span> <span class='ocrx_word' id='word_1_263' title='bbox 863 2781 930 2841; x_wconf 76' lang='grc' dir='ltr'>Αει.</span> <span class='ocrx_word' id='word_1_264' title='bbox 948 2781 976 2841; x_wconf 88' lang='lat' dir='ltr'>X</span> <span class='ocrx_word' id='word_1_265' title='bbox 1002 2781 1049 2859; x_wconf 83' lang='lat'><strong>9).</strong></span> <span class='ocrx_word' id='word_1_266' title='bbox 1154 2785 1173 2826; x_wconf 75' lang='lat'><strong>³⁰</strong></span> 
     </span>
     <span class='ocr_line' id='line_1_32' title="bbox 214 2857 1148 2943; baseline 0.006 -27"><span class='ocrx_word' id='word_1_267' title='bbox 214 2857 333 2916; x_wconf 78' lang='lat' dir='ltr'><strong>sivero</strong></span> <span class='ocrx_word' id='word_1_268' title='bbox 356 2858 385 2917; x_wconf 92' lang='lat' dir='ltr'><strong>id</strong></span> <span class='ocrx_word' id='word_1_269' title='bbox 405 2860 497 2919; x_wconf 90' lang='lat' dir='ltr'><strong>morbi</strong></span> <span class='ocrx_word' id='word_1_270' title='bbox 518 2880 611 2938; x_wconf 79' lang='lat' dir='ltr'><strong>genus</strong></span> <span class='ocrx_word' id='word_1_271' title='bbox 626 2873 687 2940; x_wconf 88' lang='lat' dir='ltr'><strong>est,</strong></span> <span class='ocrx_word' id='word_1_272' title='bbox 713 2882 770 2943; x_wconf 94' lang='lat' dir='ltr'><strong>quo</strong></span> <span class='ocrx_word' id='word_1_273' title='bbox 792 2867 821 2924; x_wconf 93' lang='lat' dir='ltr'><strong>in</strong></span> <span class='ocrx_word' id='word_1_274' title='bbox 840 2874 950 2924; x_wconf 92' lang='lat' dir='ltr'><strong>uterum</strong></span> <span class='ocrx_word' id='word_1_275' title='bbox 964 2865 1052 2924; x_wconf 83' lang='lat' dir='ltr'><strong>multa</strong></span> <span class='ocrx_word' id='word_1_276' title='bbox 1076 2880 1148 2942; x_wconf 89' lang='lat' dir='ltr'><strong>aqna</strong></span> 
     </span>
     <span class='ocr_line' id='line_1_33' title="bbox 152 2940 1146 3028; baseline 0.009 -31"><span class='ocrx_word' id='word_1_277' title='bbox 152 2940 343 3017; x_wconf 87' lang='lat' dir='ltr'><strong>contrahitur,</strong></span> <span class='ocrx_word' id='word_1_278' title='bbox 366 2943 527 3022; x_wconf 87' lang='lat' dir='ltr'><strong>ambulare,</strong></span> <span class='ocrx_word' id='word_1_279' title='bbox 545 2947 598 3006; x_wconf 91' lang='lat' dir='ltr'><strong>sed</strong></span> <span class='ocrx_word' id='word_1_280' title='bbox 613 2950 704 3025; x_wconf 83' lang='lat' dir='ltr'><strong>magis</strong></span> <span class='ocrx_word' id='word_1_281' title='bbox 718 2948 831 3008; x_wconf 92' lang='lat' dir='ltr'><strong>modice</strong></span> <span class='ocrx_word' id='word_1_282' title='bbox 846 2957 977 3028; x_wconf 79' lang='lat' dir='ltr'><strong>oportct3</strong></span> <span class='ocrx_word' id='word_1_283' title='bbox 995 2949 1146 3026; x_wconf 81' lang='lat' dir='ltr'><strong>malagma,</strong></span> 
     </span>
     <span class='ocr_line' id='line_1_34' title="bbox 152 3024 1146 3112; baseline 0.007 -30"><span class='ocrx_word' id='word_1_284' title='bbox 152 3024 229 3100; x_wconf 91' lang='lat' dir='ltr'><strong>quod</strong></span> <span class='ocrx_word' id='word_1_285' title='bbox 245 3025 373 3103; x_wconf 84' lang='lat' dir='ltr'><strong>digerat,</strong></span> <span class='ocrx_word' id='word_1_286' title='bbox 389 3028 552 3106; x_wconf 86' lang='lat' dir='ltr'><strong>impositum</strong></span> <span class='ocrx_word' id='word_1_287' title='bbox 565 3030 688 3102; x_wconf 87' lang='lat' dir='ltr'><strong>habere;</strong></span> <span class='ocrx_word' id='word_1_288' title='bbox 712 3033 798 3111; x_wconf 90' lang='lat' dir='ltr'><strong>idque</strong></span> <span class='ocrx_word' id='word_1_289' title='bbox 815 3035 907 3111; x_wconf 83' lang='lat' dir='ltr'><strong>ipsum</strong></span> <span class='ocrx_word' id='word_1_290' title='bbox 922 3034 1146 3112; x_wconf 74' lang='lat' dir='ltr'><strong>superImposito</strong></span> 
     </span>
    </p>
   </div>
   <div class='ocr_carea' id='block_1_5' title="bbox 155 3181 348 3193">
    <p class='ocr_par' dir='ltr' id='par_1_5' title="bbox 155 3181 348 3193">
     <span class='ocr_line' id='line_1_35' title="bbox 155 3181 348 3193; baseline -0.005 -3"><span class='ocrx_word' id='word_1_291' title='bbox 155 3181 348 3193; x_wconf 76' lang='grc'>----....-.</span> 
     </span>
    </p>
   </div>
   <div class='ocr_carea' id='block_1_6' title="bbox 88 3248 1145 3530">
    <p class='ocr_par' dir='ltr' id='par_1_6' title="bbox 88 3248 1145 3464">
     <span class='ocr_line' id='line_1_36' title="bbox 220 3248 1145 3326; baseline 0.009 -26"><span class='ocrx_word' id='word_1_292' title='bbox 220 3248 250 3316; x_wconf 81' lang='lat'><strong>*)</strong></span> <span class='ocrx_word' id='word_1_293' title='bbox 269 3251 368 3303; x_wconf 82' lang='lat' dir='ltr'><strong>Caclius</strong></span> <span class='ocrx_word' id='word_1_294' title='bbox 385 3255 535 3308; x_wconf 83' lang='lat' dir='ltr'><strong>Aurelianus</strong></span> <span class='ocrx_word' id='word_1_295' title='bbox 559 3259 601 3308; x_wconf 87' lang='lat' dir='ltr'><strong>lib.</strong></span> <span class='ocrx_word' id='word_1_296' title='bbox 622 3261 665 3312; x_wconf 94' lang='lat' dir='ltr'><strong>Ill.</strong></span> <span class='ocrx_word' id='word_1_297' title='bbox 693 3259 778 3312; x_wconf 84' lang='lat' dir='ltr'><strong>Morb.</strong></span> <span class='ocrx_word' id='word_1_298' title='bbox 798 3261 887 3312; x_wconf 77' lang='lat' dir='ltr'><strong>coron.</strong></span> <span class='ocrx_word' id='word_1_299' title='bbox 911 3277 966 3326; x_wconf 87' lang='lat' dir='ltr'><strong>cap.</strong></span> <span class='ocrx_word' id='word_1_300' title='bbox 986 3261 1015 3312; x_wconf 87' lang='lat'><strong>8:</strong></span> <span class='ocrx_word' id='word_1_301' title='bbox 1043 3261 1145 3311; x_wconf 80' lang='lat' dir='ltr'><strong>Laudat</strong></span> 
     </span>
     <span class='ocr_line' id='line_1_37' title="bbox 152 3321 1144 3394; baseline 0.007 -25"><span class='ocrx_word' id='word_1_302' title='bbox 152 3323 223 3370; x_wconf 84' lang='lat' dir='ltr'><strong>elium</strong></span> <span class='ocrx_word' id='word_1_303' title='bbox 246 3321 412 3384; x_wconf 83' lang='lat' dir='ltr'><strong>Asclepiades</strong></span> <span class='ocrx_word' id='word_1_304' title='bbox 432 3332 597 3390; x_wconf 77' lang='lat' dir='ltr'><strong>perictionem,</strong></span> <span class='ocrx_word' id='word_1_305' title='bbox 623 3335 727 3392; x_wconf 79' lang='lat' dir='ltr'><strong>quatrior</strong></span> <span class='ocrx_word' id='word_1_306' title='bbox 748 3332 832 3394; x_wconf 65' lang='lat' dir='ltr'><strong>diguitis</strong></span> <span class='ocrx_word' id='word_1_307' title='bbox 855 3347 872 3380; x_wconf 86' lang='lat' dir='ltr'><strong>u</strong></span> <span class='ocrx_word' id='word_1_308' title='bbox 889 3334 939 3380; x_wconf 85' lang='lat' dir='ltr'><strong>tulo</strong></span> <span class='ocrx_word' id='word_1_309' title='bbox 958 3331 1090 3392; x_wconf 72' lang='lat' dir='ltr'><strong>dictantem</strong></span> <span class='ocrx_word' id='word_1_310' title='bbox 1104 3330 1144 3390; x_wconf 81' lang='lat' dir='ltr'><strong>sa·</strong></span> 
     </span>
     <span class='ocr_line' id='line_1_38' title="bbox 88 3391 1143 3464; baseline 0.01 -27"><span class='ocrx_word' id='word_1_311' title='bbox 88 3393 94 3406; x_wconf 77' lang='lat'><em>⁶</em></span> <span class='ocrx_word' id='word_1_312' title='bbox 151 3391 262 3440; x_wconf 79' lang='lat' dir='ltr'><strong>ciendum</strong></span> <span class='ocrx_word' id='word_1_313' title='bbox 273 3393 388 3452; x_wconf 79' lang='lat' dir='ltr'><strong>superius</strong></span> <span class='ocrx_word' id='word_1_314' title='bbox 408 3393 439 3442; x_wconf 84' lang='lat' dir='ltr'><strong>ab</strong></span> <span class='ocrx_word' id='word_1_315' title='bbox 458 3399 577 3446; x_wconf 80' lang='lat' dir='ltr'><strong>interiore</strong></span> <span class='ocrx_word' id='word_1_316' title='bbox 591 3406 680 3459; x_wconf 85' lang='lat' dir='ltr'><strong>parte,</strong></span> <span class='ocrx_word' id='word_1_317' title='bbox 697 3400 760 3447; x_wconf 81' lang='lat' dir='ltr'><strong>sieut</strong></span> <span class='ocrx_word' id='word_1_318' title='bbox 771 3401 795 3447; x_wconf 86' lang='lat' dir='ltr'><strong>in</strong></span> <span class='ocrx_word' id='word_1_319' title='bbox 805 3399 968 3462; x_wconf 78' lang='lat' dir='ltr'><strong>phlebotomia</strong></span> <span class='ocrx_word' id='word_1_320' title='bbox 982 3407 1009 3448; x_wconf 83' lang='lat' dir='ltr'><strong>ut</strong></span> <span class='ocrx_word' id='word_1_321' title='bbox 1021 3415 1071 3464; x_wconf 83' lang='lat' dir='ltr'><strong>per</strong></span> <span class='ocrx_word' id='word_1_322' title='bbox 1081 3413 1143 3450; x_wconf 76' lang='lat' dir='ltr'><strong>eam-</strong></span> 
     </span>
    </p>

    <p class='ocr_par' dir='ltr' id='par_1_7' title="bbox 112 3459 900 3530">
     <span class='ocr_line' id='line_1_39' title="bbox 112 3459 900 3530; baseline 0.013 -22"><span class='ocrx_word' id='word_1_323' title='bbox 112 3506 115 3516; x_wconf 71' lang='grc'>,</span> <span class='ocrx_word' id='word_1_324' title='bbox 153 3459 583 3530; x_wconf 57' lang='lat' dir='ltr'><strong>consummationemque,</strong></span> <span class='ocrx_word' id='word_1_325' title='bbox 601 3481 710 3529; x_wconf 67' lang='lat' dir='ltr'><strong>corpora</strong></span> <span class='ocrx_word' id='word_1_326' title='bbox 723 3475 900 3518; x_wconf 70' lang='lat' dir='ltr'><strong>extenuentur.</strong></span> 
     </span>
    </p>
   </div>
   <div class='ocr_carea' id='block_1_7' title="bbox 0 0 1205 3906">
    <p class='ocr_par' dir='ltr' id='par_1_8' title="bbox 0 0 1205 3906">
     <span class='ocr_line' id='line_1_40' title="bbox 0 0 1205 3906; baseline 0 0"><span class='ocrx_word' id='word_1_327' title='bbox 0 0 1205 3906; x_wconf 95' lang='lat' dir='ltr'><strong> </strong></span> 
     </span>
    </p>
   </div>
  </div>
 </body>
</html>
