2372 3892
403 211 472 262 narn.
488 211 549 262 vn.
571 209 646 262 cur.
662 213 771 264 xxm
1013 203 1074 274 315

86 367 151 428 sica
169 364 306 443 quaedem
322 367 468 428 consortio
484 375 543 443 est:
559 383 653 446 exque
666 367 788 446 eodeni,
804 377 833 429 ut
848 387 942 449 neque
953 370 1074 432 retinea-

84 458 135 509 tur
153 449 261 526 eibue‚·
273 468 382 529 neque,
407 453 432 511 si
454 453 517 530 quis
539 454 741 528 retentasse,
758 463 964 532 concoquetur,
981 472 1075 531 neque

85 551 197 611 corpus
214 533 317 604 alatum
336 535 461 613 ideoque
476 553 512 595 ne
526 535 627 596 uulnus
640 536 753 614 quidem
767 546 814 598 aut
831 538 958 616 purgari,
975 539 1075 618 putati

84 618 201 696 possit:
230 635 302 696 quae
326 621 493 679 necessario
509 629 629 679 mortem
648 629 797 682 maturant.
828 621 885 682 Sed
908 621 994 682 uthis
1010 638 1073 682 suc·

50 724 72 764 c
85 701 164 762 curri
178 700 256 761 nullo
271 701 357 762 modo
376 711 489 780 potest,
506 705 548 762 sie
563 721 580 762 a
594 705 686 781 primo
697 711 791 764 tamen
803 704 849 764 die
865 703 987 765 tenenda
1002 706 1073 763 ratio

85 785 245 844 curationis
260 793 313 844 est.
338 785 371 845 ln
386 804 442 863 qua
460 787 597 865 quaedam
610 786 784 865 observatio,
800 789 835 849 ad
852 788 944 849 cibum
960 806 1074 866 quoque

86 870 290 948 potionemque
303 870 458 948 pertinens,
474 873 638 930 necessaria
655 879 707 930 est.
728 869 800 931 Nam
813 870 892 932 cibus
908 874 982 933 inter
999 873 1074 950 prin·

88 952 164 1029 cipia
178 968 235 1011 non
252 951 304 1010 nisi
320 951 450 1014 humidus
465 953 526 1012 dari
541 953 642 1015 debet:
666 953 714 1014 ubi
729 955 830 1015 vulnus
847 965 996 1034 purgatum
1017 963 1073 1029 est,

87 1053 128 1094 ex
148 1035 238 1094 media
257 1035 390 1095 materia:
416 1037 497 1096 olera
520 1045 549 1096 et
567 1037 738 1096 salsamenta
754 1056 870 1118 semper
887 1039 979 1098 aliena
999 1047 1072 1098 sunt.

32 1140 72 1182 ao
85 1118 209 1179 Potione
227 1135 301 1196 opus
318 1128 362 1178 ast
376 1119 497 1180 modica.
525 1119 607 1195 Nan,
624 1122 760 1198 siparum
775 1121 891 1197 bibitur,
908 1122 1074 1182 accenditur

84 1202 199 1278 vulnus,
216 1210 246 1262 et
261 1201 358 1278 vigilie
374 1211 473 1280 urget,
490 1211 519 1264 et
536 1204 579 1264 vis
596 1205 729 1282 corporis
743 1206 890 1266 minuitur:
907 1206 931 1264 si
948 1204 1011 1283 plus
1027 1221 1074 1264 ae·

84 1303 146 1365 quo
162 1287 319 1362 assumitur,
335 1285 456 1346 subinde
467 1287 566 1348 uesica
580 1287 725 1365 impletur,
740 1305 837 1367 eoque
847 1289 984 1350 irritetur.
1008 1287 1074 1348 Non

83 1370 142 1430 nisi
157 1387 256 1447 aquam
268 1377 361 1428 autem
374 1368 525 1433 bibendam
536 1389 603 1430 esse
615 1371 792 1432 manifestius
800 1381 855 1448 est,
873 1382 993 1451 quamut
1008 1372 1073 1432 sub·

82 1453 154 1514 inde
174 1453 323 1514 dicendum
344 1454 390 1514 sit.
427 1453 511 1514 Solet
532 1472 603 1515 uero
623 1453 676 1514 sub
692 1455 834 1531 ejusmodi
853 1457 931 1516 victu
945 1456 1074 1530 evenire,

33 1546 116 1601 aeut
136 1536 215 1598 abus
230 1553 287 1598 non
303 1535 448 1598 reddatur.
481 1537 562 1600 Haeo
582 1555 654 1616 aqua
675 1537 878 1614 nucerinen,
900 1541 928 1599 in
951 1556 1006 1616 qua
1027 1539 1075 1602 vei
1112 1559 1116 1567 ·

82 1622 202 1682 doenum
215 1637 369 1698 graecum,
387 1621 435 1682 rel
454 1621 547 1682 malva
567 1621 688 1682 decocta
704 1623 750 1682 sit.
784 1621 863 1684 idem
885 1623 986 1684 humor
1005 1641 1075 1685 rosa

82 1705 190 1766 mixtus
207 1705 234 1764 in
248 1706 342 1782 ipsum
359 1705 461 1764 vulnus
479 1705 632 1766 oriculario
649 1706 775 1780 clystere
796 1707 925 1784 agendus
941 1715 1004 1783 εει,
1026 1707 1076 1768 ubi

83 1789 115 1852 id
131 1787 205 1848 rodit
227 1789 322 1865 urina,
349 1805 444 1867 neque
460 1791 576 1867 purgari
593 1791 706 1868 patitur.
733 1789 808 1850 Fere
824 1808 896 1852 vero
914 1791 1007 1872 primo
1022 1809 1076 1872 per
1149 1821 1152 1833 ·

81 1871 189 1934 vuinus
204 1871 263 1932 exit
280 1871 369 1938 haec:
386 1872 501 1949 deinde,
517 1889 553 1934 eo
569 1881 760 1952 sanescente,
777 1874 928 1953 diuiditur,
954 1885 984 1936 ει
1007 1893 1075 1956 pars

33 1977 69 2019 20
85 1974 142 2036 per
158 1955 252 2016 colem
265 1955 443 2016 descendere
458 1957 575 2036 incipit,
592 1957 687 2017 donec
705 1973 743 2016 ex
766 1966 827 2018 toto
849 1959 937 2036 plaga
961 1959 1074 2020 clauda·

41 2038 47 2044 ’
81 2049 141 2099 tur.
159 2038 244 2113 Quod
264 2039 403 2099 interdum
418 2041 504 2100 tertio
516 2057 626 2117 mense,
643 2041 782 2102 interdurn
799 2058 855 2102 non
870 2051 937 2103 ante
952 2052 1074 2120 sextum,

73 2139 292 2201 :nonnumquam
315 2133 421 2184 exacto
444 2141 559 2202 quoque
579 2140 652 2184 anno
670 2125 709 2184 iit.
740 2122 842 2203 Neque
856 2124 1011 2205 desperari
1026 2126 1073 2185 de·

82 2205 136 2268 bet
151 2207 242 2268 solida
259 2205 410 2283 glutinatio
428 2206 570 2283 vulneris,
586 2209 641 2266 nisi
657 2207 704 2268 ubi
725 2217 774 2268 aut
788 2208 977 2270 uehementer
991 2218 1075 2288 rupta

82 2293 185 2350 cerrin
201 2299 256 2367 est,
272 2298 320 2350 aut
337 2309 373 2350 ex
387 2307 492 2350 cancro
510 2290 615 2352 multae
637 2309 815 2370 magnaeque
828 2289 1021 2369 choneniae,
1037 2294 1074 2352 si·

35 2393 69 2434 ae
83 2373 202 2452 mulque
211 2389 335 2434 neruosa
347 2373 441 2451 aliqua
455 2373 632 2435 exciderunt.
648 2375 717 2450 Sed,
728 2385 760 2434 ut
771 2376 819 2436 rel
831 2376 908 2436 nulla
919 2377 958 2436 ibi
971 2376 1074 2452 betula,

79 2456 133 2516 vel
150 2459 254 2534 exigua
270 2456 422 2520 admodum
443 2458 638 2536 relinquatur,
658 2477 766 2520 surnma
782 2477 850 2519 cura
868 2460 1075 2539 prouidendum

79 2549 142 2603 est.
178 2541 275 2618 Ergo,
291 2559 374 2619 qurum
386 2542 446 2614 iam
461 2542 497 2602 ad
515 2543 680 2619 cicatricem
697 2542 801 2604 vuinus
822 2543 928 2620 tendit,
948 2545 1073 2604 extentis

73 2625 181 2700 jacere
199 2624 349 2688 feminibus
366 2633 395 2684 et
411 2625 541 2700 cruribus
561 2634 692 2704 opertet:
708 2622 763 2686 nisi
782 2636 877 2688 tamen
892 2628 995 2689 molles
1011 2645 1074 2688 are·

78 2709 186 2768 nosiva
210 2708 313 2768 calculi
338 2707 462 2768 inerunt.
495 2707 554 2769 Sub
569 2710 613 2769 his
632 2710 705 2777 enirn
730 2711 838 2772 tardius
854 2713 953 2773 uesieu
970 2723 1073 2790 purga·

34 2813 67 2856 ao
80 2800 144 2851 tur:
162 2790 285 2868 ideoque
303 2791 535 2870 diutiuspiagam
552 2802 652 2872 patere
675 2796 871 2854 necessarium
890 2804 947 2862 est;
973 2803 1002 2855 et
1016 2795 1074 2854 turm

79 2873 210 2949 demum,
235 2874 283 2932 ubi
301 2877 361 2951 jam
390 2874 457 2935 nibil
475 2877 535 2936 tale
551 2877 753 2953 extundentur,
778 2877 814 2936 ad
829 2878 991 2937 cicatricem
1008 2895 1073 2954 per·

79 2958 158 3018 duci.
187 2957 327 3034 Quodsi,
345 2967 495 3037 antequam
513 2961 613 3029 vesica
624 2969 745 3039 purgata
767 2969 826 3035 est,
851 2975 919 3020 orae
937 2977 969 3019 se
988 2959 1072 3036 gluti·

75 3050 199 3119 nerunt,
216 3041 357 3120 dolorque
373 3051 401 3101 et
417 3043 599 3102 inflammatio
616 3043 776 3117 redierunt,
795 3041 899 3102 uulnus
912 3043 1006 3120 digitis
1024 3042 1073 3102 vei

79 3142 187 3186 averso
208 3124 331 3203 specillo
356 3124 542 3202 diducendum
563 3135 621 3196 esta
648 3135 677 3186 ut
697 3125 895 3202 torquentibus
912 3128 1005 3188 exitus
1023 3126 1072 3187 de·
1123 3171 1126 3176 -

37 3232 67 3276 35
79 3218 142 3270 tur:
159 3209 262 3287 hisque
279 3208 394 3284 effusis,
411 3227 494 3287 quum
512 3209 615 3268 diutius
630 3227 700 3287 pura
721 3211 801 3269 urina
824 3208 990 3286 descendit,
1015 3219 1072 3271 tum

78 3292 203 3368 demum,
227 3309 300 3370 quae
324 3293 488 3357 cicatricem
509 3293 659 3368 inducant,
680 3293 852 3370 imponenda
869 3302 946 3364 sunt;
971 3300 1073 3356 exten-

18 3401 33 3422 ·
78 3376 235 3454 domnique,
254 3384 284 3434 ut
301 3393 387 3454 supra
405 3375 503 3453 docui,
520 3377 610 3454 pedes
627 3394 709 3455 quam
723 3378 844 3438 maxime
854 3379 955 3454 juncti.
987 3377 1073 3452 Quod

79 3461 109 3533 si
125 3459 238 3520 fistulae
254 3468 345 3522 metus
362 3477 400 3522 en
414 3459 458 3522 his
475 3462 580 3538 causis,
597 3478 668 3541 quas
685 3461 834 3542 proposui,
858 3461 981 3524 subesse
993 3460 1072 3522 ride·
