2372 3892
379 663 424 737 a,
451 659 697 740 uonnnnn
724 658 873 736 onnsr

174 833 418 914 aurnum
453 783 640 914 nnana
672 831 1132 966 nuonnormus.

586 1005 666 1046 mato

325 1121 328 1128 ’
366 1129 634 1238 ΜΙῙΗΗΟΙΝΑΕΙ
647 1129 884 1228 βΕΡΤῙΜΠὸ.

549 1295 711 1308 ..a-n—-n

455 1438 792 1499 PRAEFATIO.

145 1555 181 1604 De
196 1554 337 1621 chirurgia,
355 1553 460 1618 ejusque
475 1555 592 1617 historia,
609 1563 634 1605 et
650 1557 681 1606 de
697 1557 785 1622 optimi
802 1555 918 1622 Chirurgi
937 1533 1119 1620 qualitatibus.

192 1691 317 1751 Tertiam
340 1709 407 1752 esse
433 1690 592 1754 medioinae
612 1701 740 1770 partem,
769 1710 842 1770 qnae
866 1709 953 1751 manu
977 1703 1089 1771 earet,
1109 1702 1134 1752 et

128 1774 217 1849 vulgo
235 1784 348 1850 notum,
371 1783 400 1834 et
415 1793 431 1834 a
446 1791 492 1834 me
509 1776 692 1853 propositum
707 1785 760 1835 est.
796 1775 837 1834 Ea
855 1793 912 1834 non
936 1776 1069 1853 quidem
1081 1795 1133 1836 me·

128 1853 286 1916 dieamenta
312 1866 399 1938 atque
420 1859 514 1918 vietus
539 1860 678 1919 rationem
699 1861 816 1928 omittit;
846 1858 898 1918 sed
920 1877 1014 1918 manu
1042 1869 1149 1919 tamena

128 1939 278 2018 plurimum
294 1951 435 2019 praestat:
455 1951 557 2020 astque
579 1945 643 2018 ejus
662 1943 785 2002 enectus
801 1944 875 2002 inter
890 1959 995 2000 omnes
1014 1942 1133 2002 medini-

127 2042 181 2082 nae
196 2033 295 2102 partes
308 2025 549 2090 evidentissimus.
582 2026 728 2104 Siquidem
746 2028 774 2084 in
789 2025 896 2085 morbis
907 2043 997 2102 quum
1012 2029 1134 2087 multum

127 2107 241 2167 fortuna
257 2108 404 2185 conferat,
417 2109 576 2187 eademque
589 2127 679 2187 saepe
692 2109 840 2184 salutaria,
857 2126 948 2186 saepe
964 2127 1051 2170 vana
1065 2112 1133 2174 sint:

127 2201 224 2269 potest
257 2192 378 2252 dubitari
406 2191 532 2252 secunda
560 2193 696 2252 valetudo
720 2192 895 2268 medicinae,
923 2209 960 2250 an
988 2194 1135 2271 eorporis

127 2275 270 2335 beneflcio
287 2277 450 2354 eontigerit.
494 2276 526 2335 in
544 2276 579 2335 iis
598 2292 730 2355 quoque,
747 2276 774 2334 in
788 2275 892 2353 quibus
906 2275 1157 2336 medicamentum

127 2361 248 2418 maxime
264 2362 392 2434 nitimur,
409 2361 537 2438 quamvis
553 2359 703 2438 proiectus
719 2360 880 2419 evidentior
893 2367 951 2434 est,
968 2367 1081 2420 tamen
1096 2377 1134 2419 sa

126 2444 242 2502 nitatem
258 2439 288 2503 et
307 2463 360 2522 per
384 2444 458 2503 haee
472 2444 576 2502 irnstra
594 2444 711 2521 quaeri,
730 2452 760 2502 et
776 2444 839 2502 sine
857 2443 901 2500 iris
922 2440 1008 2500 reddi
1028 2461 1134 2522 saepe,

126 2526 303 2584 manifestum
326 2536 385 2587 est:
414 2528 488 2586 siout
508 2528 536 2585 in
559 2527 653 2586 oeulis
679 2543 794 2606 quoque
813 2524 989 2604 deprehendi
1013 2535 1134 2603 potesu

127 2609 174 2684 qui
198 2626 214 2667 a
235 2609 354 2668 medicis
376 2608 422 2668 diu
437 2611 553 2686 vexati,
575 2610 638 2668 sine
657 2609 701 2669 his
723 2609 863 2670 interdum
882 2619 1060 2668 sauesount.
1101 2609 1134 2668 At

126 2691 154 2748 in
176 2708 209 2750 ea
229 2701 325 2769 parte,
349 2709 423 2770 quae
449 2709 532 2751 mauu
555 2701 655 2768 curat,
672 2693 874 2767 evidensest,
892 2709 1006 2751 omnem
1028 2693 1158 2770 prose-1⁵

126 2782 217 2851 otum,
236 2784 266 2834 ut
295 2775 400 2854 aliquid
427 2775 553 2836 amalos
578 2776 743 2853 adjuretur,
767 2776 834 2836 hine
858 2785 951 2836 tamon
970 2774 1133 2853 plurimum

125 2859 249 2919 trahere.

187 2944 268 3004 Haeo
284 2952 375 3005 autem
392 2961 476 3022 pars,
493 2944 628 3022 quamsit
643 2943 850 3019 vetustissima,
865 2943 957 3018 magis
973 2941 1131 3003 tamenab

125 3027 176 3085 ilio
201 3039 321 3103 parente
340 3031 431 3091 omnis
446 3027 605 3086 medicinae
624 3025 819 3106 Hippoorate‚
842 3043 926 3104 quam
942 3043 957 3084 a
975 3026 1130 3102 prioribus

126 3110 241 3170 exeuita
257 3123 316 3172 est:
333 3113 452 3187 deinde,
468 3119 657 3191 posteaquam
672 3109 785 3170 diducta
801 3108 837 3169 ab
852 3110 914 3169 aliis
927 3107 1044 3168 habere
1062 3125 1155 3190 pro-u

125 3190 256 3252 sessores
274 3213 343 3254 snos
358 3199 471 3275 eoepit,
486 3197 514 3255 in
527 3195 665 3272 Aegypto
679 3210 794 3271 quoque
805 3193 942 3269 inor-evit,
958 3191 1128 3254 Philoxeno

125 3277 246 3334 maxime
263 3287 396 3354 auctore,
420 3281 468 3356 qni
485 3277 614 3357 pluribus
629 3277 820 3337 voluminibus
838 3276 912 3336 hano
931 3285 1048 3354 partem
1067 3277 1127 3338 dili·

125 3361 294 3436 gentissime
317 3362 544 3438 comprehendit.
582 3361 705 3437 Gorgias
730 3377 846 3439 quoque
869 3369 898 3420 et
918 3361 1077 3420 Sostratus
1100 3367 1127 3418 et

125 3441 224 3505 Heron
241 3453 269 3505 et
280 3443 428 3524 Apollonii
444 3445 499 3505 duo
516 3454 546 3505 et
560 3445 727 3506 Ammonius
738 3444 966 3520 Alexandrinus,
982 3443 1125 3527 multique
