2396 3904
407 187 475 234 nrn.
492 187 566 234 vru.
583 185 657 236 car.
676 189 710 236 x.
982 175 1043 237 349

54 342 83 402 si
100 357 167 401 erus
181 340 303 401 tractum
318 347 379 414 est,
396 339 474 400 circa
488 340 642 418 poplitem
662 344 686 402 si
704 342 813 417 femur,
829 359 921 420 usque
942 342 978 402 ud
994 360 1042 404 co·

54 443 142 494 xam;
159 425 182 484 sl
195 426 278 500 juxta
296 424 428 502 superius
446 429 532 500 ceput
545 423 662 486 femoris
676 427 735 503 sic,
755 435 785 485 ut
800 427 862 504 ipsu
883 443 998 504 quoque
1016 429 1043 486 ei

55 526 135 570 coxa
153 510 228 568 insit.
260 506 362 586 Neque
378 517 470 568 tamen
485 508 609 583 ignorari
625 519 759 588 oportet,
781 512 805 570 sl
819 509 911 569 lemur
923 510 1044 571 tractum

55 603 115 670 εει,
125 593 187 652 lucri
201 591 316 651 brevius
326 593 407 670 ;quiu
420 608 568 668 numquam
577 594 604 652 in
613 596 755 672 antiquum
765 603 866 654 statum
875 595 1041 662 reveratum
1069 609 1079 618 ·

27 697 43 737 ε
55 677 234 755 summisque
250 675 347 751 digitis
360 683 465 753 postea
480 675 570 736 cruris
584 678 647 752 ejus
659 679 750 738 insisti
758 701 764 738 :
784 678 836 738 scd
850 677 937 738 multo
950 686 1042 738 tamen

55 761 174 822 foedior
186 758 319 820 debilitas
330 769 384 834 εει,
398 759 445 818 ubi
454 759 768 838 lortunsenegligentia
783 763 1041 840 quoqueuocessit.

120 845 149 905 o.
171 844 297 919 Digitum
311 844 380 904 satis
395 853 440 903 εει
454 843 489 903 ad
507 861 590 903 unum
608 845 752 905 surculum
768 854 835 924 post
848 845 1042 906 inflammatio·

56 945 125 990 nem
143 928 274 1003 deligari.

124 1014 152 1072 7.
173 1011 223 1070 llis
240 1009 358 1089 proprie
373 1010 408 1071 ud
431 1010 541 1088 singula
563 1012 688 1074 membra
707 1012 928 1092 pertinentibus,
944 1030 1042 1073 rursus

13 1097 109 1159 toilla
124 1096 282 1156 communia
298 1103 377 1154 sunt:
394 1095 491 1173 primis
506 1093 607 1156 diebus
622 1096 729 1167 lumem
744 1095 848 1157 deiude
863 1106 937 1173 tum,
956 1114 1042 1175 quum

50 1183 115 1256 jam
131 1180 297 1239 increscere
312 1177 415 1238 callum
435 1187 566 1256 oportet,
589 1180 735 1240 liberalius
759 1181 933 1246 alimentum:
956 1180 1043 1257 longa

56 1283 73 1324 a
90 1265 158 1323 vino
175 1261 359 1332 abstinentia;
377 1262 532 1322 lomentum
548 1280 640 1341 aquae
657 1264 784 1340 calidae,
803 1264 868 1325 dum
890 1264 1042 1324 inilummu·

54 1350 98 1408 tio
116 1355 176 1422 εει,
191 1344 327 1411 liberule;
345 1363 428 1425 quum
446 1363 480 1405 ea
502 1346 596 1421 desiit,
618 1348 774 1407 modicum:
796 1357 853 1408 tum
875 1349 958 1407 etiam
981 1348 1041 1408 lon·
1091 1419 1094 1426 Ι

55 1433 124 1510 glor
138 1428 324 1491 ulterioribus
341 1447 358 1489 e
379 1429 488 1507 liquido
506 1439 604 1490 cerato
620 1431 770 1506 membris,
795 1439 824 1490 ot
838 1430 933 1494 mollis
949 1439 1041 1491 tamen

12 1515 165 1579 inunctio.
198 1513 301 1591 Neque
317 1514 445 1589 protinus
462 1513 654 1574 exercendum
671 1513 699 1574 id
714 1514 885 1588 membrum,
906 1513 958 1573 sed
974 1532 1041 1592 pau·

58 1599 137 1660 latim
158 1598 193 1658 ad
218 1599 349 1673 antiquos
375 1615 443 1656 usus
461 1596 654 1658 reducendum
674 1608 728 1658 est.
752 1599 872 1660 Gravius
896 1597 1041 1675 aliquanto

57 1693 118 1759 est,
134 1700 218 1760 quum
237 1682 311 1760 ossis
322 1681 467 1741 fracturae
484 1683 577 1742 carnis
590 1700 704 1761 quoque
718 1683 819 1744 vulnus
832 1682 968 1750 successim
984 1699 1041 1741 ma·

56 1769 192 1844 ximcque
208 1765 232 1824 si
249 1764 276 1824 id
291 1764 412 1825 musculi
430 1765 547 1825 lemoris
564 1775 610 1826 aut
625 1766 733 1826 humori
749 1775 918 1827 senserunt:
935 1775 1042 1826 namet
1059 1820 1062 1827 .

58 1851 296 1916 inllammatioues
314 1849 401 1908 multo
417 1851 584 1927 graviores,
606 1860 634 1910 ει
651 1853 823 1930 promtiores
848 1867 969 1911 cancros
992 1849 1041 1908 hu-

11 1935 135 2003 ·mbcnt.
164 1934 209 1994 Ac
232 1932 324 1992 lemur
345 1934 473 2012 quidem,
495 1935 518 1994 si
537 1952 603 1994 ossa
619 1936 692 1995 later
710 1953 742 1995 se
762 1941 962 2009 recesserunt,
979 1934 1042 1993 lere
1064 2006 1069 2012 ἱ

57 2018 187 2099 praecidi
213 2033 337 2076 necesse
361 2025 414 2076 est.
451 2017 592 2078 llumarus
613 2037 728 2097 quoquc
754 2020 781 2077 ln
810 2018 968 2095 periculum
990 2035 1040 2075 ve·

57 2104 115 2169 ultr
132 2101 182 2161 sed
205 2101 317 2161 lucillus
338 2110 536 2162 conservatur.
565 2101 674 2176 Quibus
696 2101 833 2179 periculis
850 2103 934 2161 etiam
949 2102 1041 2176 magis

59 2187 87 2246 id
101 2187 272 2264 expositum,
296 2184 372 2262 quod
389 2187 473 2261 juxta
494 2188 575 2263 ipsos
591 2185 729 2245 articulos
746 2187 831 2244 ictum
856 2194 909 2244 est.
941 2181 1041 2242 Curio·

57 2271 118 2330 slus
146 2271 230 2347 igitur
250 2269 390 2345 agendum
413 2278 472 2338 est;
499 2278 528 2328 et
549 2269 695 2329 musculus
718 2268 831 2348 quidem
851 2287 904 2347 per
922 2267 1054 2327 mediam*

11 2353 172 2432 25plagem
192 2362 372 2412 transversus
394 2353 618 2430 praecidendus:
640 2355 757 2430 sanguis
778 2367 865 2427 vero,
897 2354 921 2411 si
943 2367 1065 2430 purum·

55 2439 151 2512 duxit,
165 2436 333 2497 mittendus:
367 2453 474 2516 corpus
496 2436 590 2496 inedia
612 2436 828 2496 extenuandum.
864 2436 909 2495 Ac
930 2434 1042 2512 reliqua

57 2521 172 2600 quidem
187 2520 313 2580 membru
330 2519 433 2579 lentius
456 2519 644 2594 intendenda,
668 2529 697 2580 ει
717 2521 810 2581 lenius
831 2522 910 2582 iniis
932 2536 998 2579 ossa
1014 2519 1041 2576 in

56 2622 137 2665 suem
151 2604 249 2664 sedem
265 2603 431 2684 reponendo
448 2614 526 2665 sunt:
543 2605 571 2663 iu
587 2605 631 2664 bis
650 2597 730 2664 rero'
739 2623 833 2684 neque
855 2604 960 2664 intendi
979 2621 1041 2662 ncr-

54 2705 129 2764 vos‚
146 2705 239 2766 neque
255 2705 323 2748 ossa
339 2689 470 2765 tracturi,
489 2690 559 2748 satis
574 2689 707 2768 expedit:
723 2690 836 2768 ipsique
851 2688 956 2748 homini
977 2705 1042 2764 per-

12 2771 223 2836 remittendum
250 2780 310 2849 εει,
340 2781 369 2831 ut
383 2775 426 2831 sic
442 2790 476 2833 ea
500 2772 644 2833 collocate
665 2772 784 2848 habeat,
809 2771 1042 2852 quemadmodum

55 2857 170 2916 minime
186 2855 311 2915 laedunt.
343 2853 477 2916 Omnibus
493 2866 585 2916 autom
604 2857 648 2916 his
664 2856 830 2916 uulneribus
841 2854 1043 2931 imponendum

55 2942 150 3020 primo
166 2938 346 2999 linamentum
359 2949 413 3012 εει,
432 2942 498 2999 vino
514 2941 643 3014 madens,
663 2941 709 2999 cui
723 2957 808 2998 rosae
824 2937 937 3016 paulum
947 2935 1041 2996 admo·

53 3024 122 3084 dum
137 3022 280 3098 adjectum
296 3024 340 3083 sit.
370 3023 588 3101 Deligandaque
603 3023 701 3083 fasciis
714 3032 778 3081 sunt
794 3022 937 3098 aliquanto
953 3020 1041 3080 laxio-

54 3107 136 3168 ribus
152 3125 236 3184 qnam
255 3109 278 3166 si
300 3125 332 3167 ea
353 3107 439 3185 plage
460 3125 517 3166 non
536 3116 614 3167 essct
634 3107 687 3185 (cl.
706 3108 744 3184 V,
762 3105 813 3180 26,
835 3105 906 3182 24);
939 3111 1042 3182 qasnto

14 3217 45 3259 ,ε
55 3190 171 3252 facilius
193 3199 221 3250 et
237 3191 355 3250 alienari
371 3201 399 3251 et
414 3194 549 3268 occupari
567 3208 671 3251 cancro
683 3190 785 3250 vulnus
799 3198 908 3268 potest:
925 3205 1042 3250 numero

55 3276 152 3355 potius
166 3275 317 3334 laselarum
333 3273 359 3333 id
375 3275 583 3351 agendumst,
600 3283 629 3334 ut
644 3275 727 3336 laxae
742 3291 857 3353 qnoque
870 3291 962 3351 aeque
976 3288 1042 3331 cou-

54 3361 174 3418 tineaut.
204 3358 287 3434 Quod
309 3360 336 3417 ln
359 3359 469 3419 feruore
493 3359 669 3435 humeroque
691 3359 732 3418 sic
749 3359 817 3435 liet,
839 3360 863 3418 si
887 3375 953 3417 ossa
967 3355 1043 3414 lortc

56 3452 140 3502 recte
158 3442 370 3502 concurrerint:
395 3445 437 3502 sin
454 3443 537 3525 aliter
551 3459 583 3501 se
598 3441 759 3525 habebunt,
784 3452 902 3503 catenus
924 3435 1042 3500 circum*-
