2396 3904
153 165 214 228 340
442 176 476 224 s.
493 173 522 222 c.
536 171 636 224 onear
657 170 851 221 meorumue

494 328 678 390 CAPUT
708 327 798 389 VII.

196 447 232 499 De
247 447 350 498 maxilla
366 445 459 512 inacte,
476 455 500 496 et
517 446 667 510 quibusdum
682 446 715 494 ad
731 445 815 494 omnia
830 457 890 494 ossa
905 443 1109 509 pertinentibus.

215 585 261 644 tu
277 583 321 643 hie
344 584 380 642 ad
402 583 545 644 maxillam
564 591 715 659 venturus,
738 579 886 640 indicanda
909 579 1062 657 quaedam
1085 587 1147 657 puto

153 669 338 728 communiter
352 666 388 726 ad
405 668 498 726 omniu
514 683 581 726 osea
598 665 783 744 pertinentia,
797 681 832 723 ne
848 667 969 742 saepius
989 661 1098 722 eadem
1111 662 1147 720 di·

153 752 243 812 eenda
260 754 324 811 sint.
359 750 448 808 Omne
465 751 550 827 igitur
565 767 599 810 oe
614 748 700 808 modo
716 757 839 823 reolum,
860 758 888 806 ut
905 747 1020 824 iignum
1044 749 1075 805 ix
1093 746 1167 804 lor-s

153 836 310 914 pitudinem
332 834 459 902 linditur;
481 834 567 893 modo
590 833 730 909 frangitur
758 841 972 898 transversum
1009 830 1146 889 interdum

154 919 313 997 obliquum:
330 926 416 996 atque
433 917 568 997 idipsum
588 931 796 994 nonnumquam
812 923 909 974 retusa
933 914 1027 973 habet
1044 916 1147 992 eapite,
1189 947 1190 976 ι

152 1017 360 1078 nonnumquam
377 1009 474 1068 aauta3
500 999 576 1079 quod
591 1017 684 1076 genus
702 1001 856 1077 pessimum
876 1007 936 1065 est;
959 998 1030 1076 qnia
1057 1015 1147 1074 neque
1189 997 1190 1036 l

152 1083 240 1144 iaoile
256 1085 482 1159 committuntur,
501 1102 574 1162 quae
592 1083 662 1142 nulii
677 1093 776 1142 retuso
792 1084 962 1156 innituntur,
986 1090 1018 1139 et
1033 1093 1171 1158 earnem·¹
1188 1051 1190 1128 d

152 1167 318 1242 vulnerant,
345 1166 485 1226 interdum
509 1184 627 1226 nervum
649 1183 780 1246 quoque,
804 1174 851 1224 aut
866 1164 1041 1223 musculum.
1079 1163 1190 1236 Quina

153 1249 237 1308 eliam
254 1247 407 1326 aliquando
425 1249 506 1329 plura
522 1250 681 1326 fragmenta
697 1251 775 1310 liunt.
807 1247 866 1308 Sed
888 1250 915 1307 in
940 1247 1009 1306 aliis
1033 1249 1145 1326 quiden
1189 1241 1190 1256 ¹

152 1332 267 1391 ossibus
283 1349 320 1390 ex
335 1341 395 1392 tuto
416 1351 506 1411 saepe
521 1334 710 1410 fragmentum
726 1352 742 1392 a
763 1333 926 1409 fragmento
941 1332 1080 1391 recedit:
1096 1349 1145 1390 ma·

152 1415 239 1475 xillae
255 1433 326 1476 veno
343 1434 457 1494 semper
471 1417 567 1495 aliqua
584 1426 677 1496 parte,
693 1417 777 1476 eliam
800 1424 904 1475 vexata
926 1432 1000 1477 ossa
1022 1417 1102 1474 inter
1117 1432 1145 1473 se

152 1500 320 1560 cohaerent.
349 1499 438 1576 igitur
458 1502 486 1561 in
512 1506 590 1565 rimis
608 1500 705 1577 digitis
722 1499 834 1560 duobus
849 1501 994 1576 utrimque
1014 1517 1143 1580 premen-

151 1582 244 1658 tibus,
261 1592 288 1641 et
304 1581 339 1643 ab
355 1599 406 1642 ore
422 1591 451 1641 et
466 1519 598 1660 adculo,
615 1585 708 1643 omnia
727 1601 794 1643 ossa
808 1584 836 1642 iu
853 1599 932 1642 suam
948 1582 1054 1642 sedem
1074 1596 1165 1642 coneo

152 1665 287 1744 pellenda
304 1676 376 1726 sunt.
406 1666 533 1744 Deinde,
549 1669 574 1726 si
589 1667 704 1728 maxilla
720 1678 885 1727 transversa
902 1667 998 1726 lraota
1019 1675 1080 1734 est;
1097 1665 1141 1726 sut

152 1765 209 1825 quo
227 1766 295 1808 uasu
310 1750 372 1809 lere
386 1749 457 1810 dans
475 1769 563 1830 anper
575 1751 734 1830 proximum
758 1751 871 1809 dentem
888 1750 1024 1819 exuadit;
1043 1749 1094 1810 ubi
1114 1767 1141 1809 er

152 1833 180 1890 in
196 1847 274 1888 suam
290 1833 389 1892 sedem
404 1834 548 1894 collocata
565 1844 625 1909 eet,
641 1834 697 1896 duo
715 1835 836 1912 proximi
852 1833 970 1909 dentes,
989 1844 1062 1910 aut,
1081 1834 1140 1894 sili

153 1911 258 1990 labant,
273 1914 428 1976 ulteriores
446 1919 518 1978 inter
536 1937 568 1978 se
586 1928 647 1978 seta
664 1917 809 1995 deligandi
827 1917 950 1978 suntid
970 1919 1002 1977 iu
1019 1917 1081 1978 alio
1097 1935 1139 1995 ge

152 2014 222 2056 nere
238 1996 382 2059 fracturae
400 2019 610 2076 supervacuum
625 2006 684 2060 ast:
702 2011 800 2062 cetera
816 2001 917 2062 eadem
934 2001 1075 2062 iacienda
1084 2010 1160 2062 sunto

153 2080 207 2159 (ol.
223 2079 309 2160 Hipp.
326 2082 374 2142 De
388 2084 477 2144 artie.
493 2084 513 2158 ὃ
530 2084 597 2163 32).
623 2085 694 2144 Nam
709 2084 859 2146 linteolum
874 2084 1004 2162 duplex,
1027 2086 1138 2147 madeus

152 2164 218 2222 vino
234 2175 262 2224 et
277 2166 360 2241 oleo,
385 2168 654 2244 superinjiciendum
673 2186 736 2228 curn
758 2168 858 2228 eadem
877 2169 970 2228 simila
987 2179 1021 2228 et
1045 2170 1138 2230 eaden

151 2248 222 2306 turis
237 2247 356 2324 iuligine
371 2260 416 2311 est
432 2250 504 2327 (vid.
523 2268 586 2328 oap.
605 2251 656 2328 5);
687 2251 792 2311 deinde
808 2262 856 2311 aut
872 2252 979 2327 lasela,
1000 2263 1051 2312 aut
1077 2252 1137 2312 nol·

151 2329 187 2388 lis
204 2329 333 2407 habena,
348 2333 440 2392 media
461 2335 489 2394 in
506 2333 710 2411 longitudinem
726 2336 831 2412 ineisa,
853 2345 884 2395 ut
905 2337 1054 2416 utrimque
1070 2354 1137 2396 meu

114 2463 117 2466 .
151 2420 208 2470 turn
226 2415 450 2492 complectatur,
474 2425 504 2476 et
524 2418 592 2478 inde
613 2420 708 2496 capita
726 2420 791 2493 ejus
811 2437 900 2498 super
917 2430 1006 2498 eaput
1022 2421 1159 2482 adductas

57 2537 61 2548 .
151 2493 189 2551 ibi
208 2494 379 2572 deligantur.
405 2498 478 2559 Illud
494 2517 610 2579 quoque
628 2502 662 2561 ad
678 2505 771 2562 omnia
787 2519 855 2564 ossa
869 2505 1022 2584 pertinens
1041 2505 1137 2565 dietum

151 2578 219 2642 erit;
246 2579 349 2638 lumem
374 2584 493 2658 primum
514 2602 581 2644 esse
602 2588 811 2646 neeessariam:
839 2586 944 2648 deinde
959 2606 976 2647 a
993 2587 1044 2648 die
1059 2591 1136 2649 lertio

151 2657 292 2719 humidum
318 2662 425 2722 eibum:
459 2665 571 2728 sublata
595 2668 835 2747 inflammatione,
857 2672 944 2750 paulo
968 2672 1134 2750 pleniorem,

151 2759 289 2822 eumque,
305 2747 352 2824 qui
369 2762 483 2806 earnem
497 2749 569 2810 alat:
587 2752 680 2810 vinum
694 2769 746 2831 per
762 2771 847 2814 omne
860 2763 974 2833 tempus
988 2773 1059 2816 esse
1075 2756 1134 2816 alie·
1183 2749 1184 2802 ι

149 2845 233 2900 num;
267 2828 369 2890 deinde
386 2832 470 2890 lertio
486 2832 532 2892 die
547 2835 656 2910 resolui
672 2835 793 2904 debere;
810 2837 906 2897 lovari
918 2855 973 2917 per
989 2842 1156 2918 spongianu
1183 2829 1184 2874 ι

152 2929 261 2990 vapore
279 2931 370 2992 aquae
387 2915 511 2983 calidam
533 2917 707 2996 eademque,
729 2937 803 2998 quae
825 2922 919 2998 prirno
941 2920 1075 2998 luerunt,
1096 2941 1131 2981 su

152 2997 280 3071 perdari:
305 2998 379 3057 idem
403 2998 449 3058 die
473 3001 572 3076 quinto
592 3001 669 3077 lieri,
694 3012 722 3062 et
744 3002 839 3062 donec
857 3004 1044 3064 inflammatio
1065 3007 1130 3064 linia·

151 3085 210 3142 tur;
227 3081 357 3154 quaeve}
373 3099 449 3141 nono
465 3082 520 3158 die,
536 3083 585 3142 vel
599 3086 721 3163 septimo
737 3087 800 3146 iere
813 3087 936 3146 solvitur
957 3087 1024 3166 (lt.
1042 3089 1130 3166 §33)³

150 3174 186 3216 ea
205 3160 324 3237 sublata,
340 3183 438 3226 rursus
454 3185 520 3226 ossa
539 3185 605 3230 esse
621 3170 784 3242 tractanda,
804 3179 847 3246 ul,
862 3172 886 3230 si
902 3173 981 3249 quud
997 3175 1127 3250 fragmen·

150 3249 207 3338 tunp
219 3240 285 3300 loeo
298 3261 350 3302 suo
368 3265 424 3307 uon
441 3258 502 3325 eat,
518 3261 688 3330 reponatur:
712 3271 808 3334 nequa
823 3254 851 3313 id
870 3273 938 3314 esse
960 3255 1150 3328 solvendumu

150 3342 203 3382 nusi
215 3324 286 3384 duae
303 3336 399 3403 partes
414 3333 477 3405 eJus
493 3335 643 3413 temporis,
659 3337 732 3396 intra
753 3338 829 3414 quod
845 3355 980 3415 quaeque
992 3355 1058 3397 osea
1070 3355 1125 3396 oon

150 3407 262 3467 lervent
288 3411 459 3475 transierint.
495 3414 571 3477 Fere
604 3436 676 3492 vero
707 3421 783 3478 iuter
813 3419 1125 3498 quartumdecimuunet
