2384 3896
132 177 191 244 168
423 193 456 256 s„
474 191 504 240 c.
521 189 834 242 cenomannenses

131 357 226 410 antem
245 347 346 408 eaden
366 363 480 408 amnem
500 345 633 408 dolorem
653 345 768 422 lerant,
790 346 861 408 dura
876 345 1052 422 emolliunt,
1079 363 1130 405 me
1161 335 1162 338 ’

131 432 270 494 diocriter
285 431 457 494 calefaciant
475 430 554 508 (Gal.
571 429 604 491 S.
621 429 657 491 (I.
674 428 740 505 vlt,
757 433 803 510 7).

181 536 224 595 .7.
250 531 295 593 Ad
316 532 390 592 idem
405 531 542 592 Andreae
563 549 679 611 qnoque
700 532 842 611 malagma
858 542 916 601 est:
940 532 1027 612 prod
1053 533 1134 591 etiam

132 618 269 693 resolvit,
292 615 441 676 humorem
457 615 568 693 educit,
585 633 638 695 pus
652 625 790 694 maturat,
808 616 856 677 nbi
871 617 900 677 id
914 627 1069 676 maturum
1084 624 1134 689 est,

132 713 225 764 entem
246 701 364 779 rumpit,
389 700 424 761 ad
447 701 611 761 cicatricem
633 700 775 778 perducit.
817 700 943 761 Prodest
963 703 1151 780 impositam

131 788 245 848 minutis
258 784 473 862 maioribusque
488 783 689 853 abscessibus:
708 787 776 844 item
790 785 938 861 articulis,
955 785 1097 863 ideoque
1111 793 1137 844 et

132 875 232 948 coxis,
254 879 284 930 et
307 868 430 948 pedibus
445 867 623 937 dolentibus;
645 869 728 944 item,
750 869 775 928 ai
790 869 858 947 qnid
872 871 900 928 in
916 886 1061 948 corpore
1081 869 1136 928 col·

131 958 214 1016 lisum
230 964 288 1030 est,
311 954 419 1020 relicit;
441 951 611 1031 praecordia
626 969 743 1031 qnoque
757 951 827 1013 dnra
842 963 871 1013 et
886 952 985 1013 inllata
1006 953 1136 1019 emollit;

131 1057 199 1100 ossa
221 1036 361 1098 extrahit:
384 1035 527 1097 adomnia
543 1036 778 1114 deniqnevalet,
800 1055 876 1115 quae
890 1037 1040 1112 adjume
1059 1037 1138 1097 calor

131 1131 239 1203 potest.
264 1119 296 1179 Id
308 1117 396 1180 hahet
407 1137 494 1180 cerae
509 1139 538 1198 p.
553 1121 608 1199 )·(.
626 1133 673 1180 X1.
692 1120 775 1197 uisci,
791 1121 939 1196 sycamini,
956 1139 1054 1200 qnam
1068 1121 1138 1182 allas
1151 1144 1153 1153 ¹

131 1221 313 1279 sycomorum
324 1213 431 1263 vocant
440 1203 552 1280 (cilll,
568 1204 633 1282 l8),
643 1203 790 1281 lacrimae,
802 1203 981 1281 singolorum
995 1224 1032 1284 p.
1046 1207 1107 1284 )·(.
1119 1218 1140 1266 1.

131 1289 242 1368 piperis
257 1296 285 1346 et
299 1286 430 1363 rotundi,
447 1296 477 1347 et
491 1287 590 1364 longi,
608 1287 777 1348 ammoniaci
791 1287 999 1365 thymiamatis,
1020 1289 1140 1364 bdellii,

9 1415 11 1422 .
130 1373 210 1433 iridis
226 1371 373 1447 illyricae,
400 1371 589 1446 cardamomi,
612 1372 730 1449 amomi,
754 1371 962 1448 xylobalsami,
979 1375 1065 1434 turis
1084 1390 1140 1432 mu

131 1455 218 1533 sculi,
240 1455 392 1532 myrrhae,
415 1456 530 1517 resinae
548 1455 661 1532 aridae,
679 1455 856 1533 singulorum
872 1475 900 1535 p.
917 1457 973 1536 )·(.
989 1471 1030 1516 x.
1052 1475 1140 1537 pyre-

130 1541 201 1618 thri,
223 1540 306 1601 cocci
326 1539 434 1616 gnidii,
459 1556 577 1619 spumae
593 1539 674 1616 nitri,
695 1539 764 1600 salis
782 1540 969 1616 ammoniaci,
990 1541 1166 1602 aristeto-u

57 1693 59 1698 ,
131 1626 212 1688 chiae
228 1625 368 1699 creticae,
383 1622 491 1683 radicis
507 1640 546 1683 ex
562 1639 713 1684 cucumere
728 1625 852 1700 agresti,
868 1625 984 1684 resinae
999 1625 1139 1689 terebin-

129 1710 224 1770 thinae
254 1707 402 1786 liquidae,
433 1706 610 1783 alngnlorum
640 1725 667 1785 p.
695 1707 751 1786 )·(.
779 1721 838 1768 xx.
861 1706 965 1785 quibus
991 1709 1140 1784 adjicitur

129 1792 269 1869 unguenti
292 1791 375 1864 irini,
409 1798 543 1867 qnantum
570 1793 640 1850 satis
664 1799 709 1852 est
736 1789 772 1850 ad
797 1810 831 1852 ea
857 1791 1014 1852 mollienda
1046 1803 1139 1870 atque

129 1874 262 2020 cugenpp
286 1873 447 2018 (2Galenns,
468 1871 516 1934 Dc
536 1874 756 1953 compositione
774 1874 933 1936 medicum.
955 1877 1139 1938 secundum

128 1960 214 2020 locos
262 2005 270 2033 ,
309 1960 335 2037 ).
1146 1963 1167 2004 ²⁰

190 2057 218 2120 8.
247 2055 436 2136 Praecipuum
461 2075 533 2119 vero
562 2065 608 2118 est
632 2057 668 2118 ad
689 2058 864 2119 resolvenda
890 2075 966 2138 qnae
986 2058 1139 2120 adstricta

129 2151 211 2218 sunt,
234 2140 389 2202 mollienda
404 2159 478 2220 quae
496 2141 566 2202 dura
584 2150 667 2219 sunt,
690 2142 840 2219 dirigenda
856 2160 931 2220 quae
949 2153 1087 2220 coenat,
1113 2143 1140 2202 id

129 2227 206 2306 quod
226 2226 261 2288 ad
283 2225 475 2300 Polyarchum
496 2234 644 2286 auctorem
666 2221 800 2285 relertnr.
834 2227 928 2286 Habet
947 2227 1032 2301 junci
1065 2246 1138 2306 qna·

128 2312 215 2384 dratl,
248 2309 437 2386 cardamomi,
466 2311 537 2370 turis
562 2309 707 2386 fuliginis,
733 2312 850 2387 amomi,
877 2328 979 2386 cerae,
1006 2315 1139 2372 resinae

127 2394 253 2473 liquidae
268 2411 355 2473 pares
370 2394 532 2472 portiones.
653 2405 662 2426 ·
1147 2404 1167 2444 c

174 2495 220 2554 ⁰9.
244 2494 330 2554 Aliud
345 2494 380 2554 ad
396 2495 496 2555 eadem
510 2495 601 2556 Nilei:
627 2495 869 2572 crocomagmatis
884 2495 940 2574 (ci.
955 2494 1028 2555 Plin.
1049 2496 1139 2573 XXI,

128 2577 184 2651 20,
202 2573 257 2656 82)
273 2597 302 2656 p.
319 2580 375 2656 )·(.
393 2591 439 2637 nv.
454 2580 622 2640 ammoniaci
637 2579 845 2654 thymiamatis,
868 2596 969 2654 cerae,
994 2579 1139 2657 singulo·

13 2669 18 2678 '
128 2678 189 2720 rum
206 2678 234 2738 p.
250 2661 306 2738 )·(.
324 2673 380 2719 xx.
399 2679 436 2720 ex
451 2661 554 2740 qnibus
569 2663 625 2723 dno
641 2664 739 2741 priora
751 2682 788 2722 en
800 2671 885 2722 aceto
897 2672 1038 2735 teruntur,
1062 2683 1139 2726 cera

129 2763 191 2804 cnm
206 2760 274 2806 rosa
293 2743 433 2822 liquatur,
449 2755 478 2805 et
493 2754 549 2807 tum
565 2749 658 2808 omnia
669 2748 911 2829 junguntnrfflal.
925 2752 943 2812 l.
958 2751 1073 2829 tvttt,
1087 2755 1140 2832 5).

193 2847 241 2909 10.
274 2845 398 2925 Proprie
419 2846 503 2906 etiam
526 2834 596 2909 dura
620 2847 729 2908 emollit
751 2847 796 2923 id,
824 2845 901 2924 quod
921 2843 1032 2906 hloschi
1060 2857 1168 2906 esseae

128 2931 239 2991 dicitnr.
276 2930 371 2991 Habet
392 2929 508 3006 galbani
529 2935 657 3008 unciam,
679 2932 749 2992 tnris
771 2929 900 3007 loliginis
923 2947 953 3008 p.
975 2947 1000 2988 n.
1022 2946 1136 3004 cerae,

128 3015 297 3076 ammoniaci
321 3015 510 3090 thymiamatis
538 3018 681 3092 trientes,
710 3017 786 3094 picis
810 3014 907 3074 aridae
932 3032 960 3093 p.
982 3025 1019 3072 11.
1048 3016 1136 3076 aceti

127 3096 255 3158 heminas
271 3108 331 3158 tres
348 3098 426 3176 (Gal.
444 3099 477 3159 8.
493 3097 529 3158 L.
546 3099 597 3175 IV,
614 3100 660 3178 8).

155 3201 157 3206 '
192 3196 241 3254 11.
264 3195 367 3255 Fertur
382 3200 466 3258 etiarn
483 3197 518 3258 ad
533 3197 690 3274 digerenda
706 3215 780 3278 qnae
798 3205 919 3272 coerrat,
936 3193 987 3255 snb
1003 3205 1135 3258 auctore

126 3277 238 3354 llledio,
266 3279 341 3356 qnod
362 3280 447 3341 hahet
468 3299 555 3341 cerae
579 3301 608 3360 p.
625 3301 650 3341 z.
674 3283 792 3362 panacis
815 3299 843 3360 p.
860 3283 917 3360 )·(.
940 3297 964 3338 s.
986 3295 1167 3358 squamaeas

128 3364 219 3438 aeris,
240 3361 371 3422 aluminis
391 3363 520 3440 rotundi,
543 3367 610 3425 item
627 3367 767 3443 scissilis,
789 3365 968 3442 singulorum
984 3383 1012 3444 p.
1028 3364 1091 3444 )·(.
1108 3381 1133 3426 1.

127 3446 234 3526 plumbi
250 3445 392 3507 combusti
410 3467 436 3528 p.
453 3448 511 3525 )·(.
528 3463 550 3508 1.
571 3467 594 3508 s.
