2396 3904
350 153 820 244 mummoleno-xmus
1004 183 1063 248 ool

7 345 13 382 ·’
62 356 153 410 sunl.
185 345 223 406 llo
240 344 269 404 id
285 342 409 423 quidem,
425 343 501 421 quod
513 345 541 404 iu
556 347 746 425 posteriorem
760 357 870 427 partem
884 347 1002 425 excidio,
1017 363 1067 408 so·

1 432 14 441 ‘
64 433 144 492 dem
163 431 248 490 modo
273 427 396 487 rotundo
412 428 507 505 aliquo
529 447 618 508 super
644 432 782 510 poplitem
805 432 955 510 imposito,
979 432 1068 492 uddu-

1 530 16 590 ᾖ
64 525 186 592 (stoque
202 529 237 572 eo
253 528 349 586 crure,
364 511 544 581 reconditum
564 522 662 574 cetera
675 532 747 576 vero
764 514 892 575 menibus
906 515 989 578 simul
1002 515 1067 580 dum

1 620 2 623 ¹
64 615 147 658 ossa
162 595 339 668 indiversus
356 602 454 672 parles
472 596 693 676 compelluntur.

384 829 579 894 CAPUT
615 833 767 897 XXII.

467 943 505 998 Do
522 943 572 998 ledo
591 945 685 996 luxato.
732 979 735 991 ,

142 1091 229 1166 Iulus
245 1093 390 1154 iu'omues
404 1103 503 1174 parles
518 1095 687 1174 prolabitur.
710 1096 768 1158 Ubi
783 1097 811 1157 iu
825 1097 991 1158 interiorem
1005 1091 1066 1177 pur·

65 1187 137 1238 tem
154 1177 277 1252 excidii,
297 1180 354 1238 ima
366 1195 434 1256 pars
450 1177 537 1256 ‘pedis
553 1180 581 1238 iu
604 1181 779 1240 exteriorem
794 1189 913 1258 partem·
924 1183 1066 1241 converti·

1 1263 11 1318 i.-
66 1269 144 1320 tur:
161 1260 208 1320 uhi
224 1260 290 1320 huio
307 1263 467 1320 contrarius
484 1279 579 1338 ossus,
595 1265 770 1323 eontrarium
785 1265 870 1323 eliam
885 1265 996 1341 signum
1012 1275 1065 1324 esi.

6 1369 55 1412 ‹10
67 1343 116 1403 Al
132 1346 157 1403 si
172 1344 201 1404 iu
216 1345 345 1421 priorem
356 1355 467 1422 partem
490 1347 656 1423 erumpiqa
679 1347 843 1425 posteriore
865 1346 938 1408 lalus
960 1365 1067 1408 nervus

2 1480 5 1488 .
68 1429 167 1490 durus
182 1435 211 1486 el
228 1426 353 1502 intentus
368 1436 427 1496 esl;
444 1428 588 1506 simusque
604 1429 650 1488 luis
665 1447 718 1507 pes
733 1437 805 1494 ost3¹
826 1431 850 1504 si
874 1430 903 1488 iu
920 1431 1066 1508 peslerio·

2 1563 9 1573 .
67 1528 152 1584 rem,
176 1509 242 1569 calx
262 1528 356 1588 posue
377 1511 525 1586 conditur,
544 1512 639 1588 planta
660 1515 752 1588 major
769 1513 808 1572 lo.
836 1513 998 1589 Reponitur
1020 1531 1067 1574 au·

0 1639 1 1642 ¹
60 1602 137 1654 dem
153 1593 177 1652 is
193 1609 310 1670 quoque
323 1611 376 1672 per
390 1611 504 1664 mauus;
520 1596 599 1672 prius
613 1595 642 1653 in
660 1595 774 1656 diversa
789 1595 865 1675 pede
876 1606 905 1655 ei
922 1613 1006 1656 erure
1026 1596 1066 1655 di-
1094 1608 1098 1620 “
1134 1639 1137 1645 .

3 1711 8 1742 ÷
71 1677 183 1738 ductis.
206 1677 246 1736 El
260 1678 288 1735 iu
304 1677 361 1738 hoo
376 1695 493 1755 quoque
507 1695 575 1738 casu
591 1679 694 1738 diutius
710 1680 738 1738 iu
752 1679 861 1739 leotulo
877 1697 1066 1758 perseveran-

1 1802 5 1828 2
26 1791 60 1831 ¹5
72 1759 147 1820 dum
161 1767 224 1829 est;
240 1778 277 1819 ue
295 1761 319 1818 is
332 1759 423 1836 talus,
440 1762 488 1840 qui
503 1769 592 1825 tolum
608 1779 716 1840 corpus
732 1761 870 1839 molinet,
884 1781 983 1841 parum
999 1779 1066 1822 oou·

0 1901 2 1906 χ
71 1845 197 1906 firmatis
216 1846 313 1904 nervis
334 1843 455 1904 ferendo
476 1847 557 1904 oneri
579 1845 679 1922 cedat,
704 1863 864 1924 rursusque
889 1842 1067 1925 prorumpat.

1 1965 6 1998 2,
72 1927 291 1990 Calceamentis
307 1927 422 2006 quoque
443 1928 640 1990 humilioribus
654 1931 746 2009 primo
765 1939 896 2008 temporo
918 1929 1065 1998 utendum

72 2030 117 2074 ue
132 2007 263 2072 vinetum
277 2013 364 2072 telum
379 2013 471 2090 ipsum
487 2011 593 2074 laedat.

368 2228 566 2292 CAPUT
601 2231 778 2294 XXIII.

28 2378 61 2419 20
455 2342 493 2395 De
511 2343 596 2408 planta
609 2343 704 2395 luxato.

141 2481 348 2556 Plentaoosss
369 2493 471 2554 iisdem
495 2493 606 2571 modis,
631 2493 735 2572 quibus
751 2495 780 2554 in
793 2511 893 2569 mauu,
912 2493 1066 2572 proderem

73 2580 246 2656 iisdemque
263 2579 432 2637 oomlunlur.
467 2576 570 2637 Fascia
593 2578 785 2638 tantummodo
812 2579 923 2638 calcem
951 2595 1068 2656 quoque

74 2663 169 2726 debet
187 2661 449 2740 comprehendere:
465 2679 518 2739 ue,
537 2679 623 2738 quum
636 2662 757 2721 mediam
775 2661 909 2742 planiam,
925 2662 1067 2738 imumque

74 2748 146 2821 ejus
155 2746 256 2804 vinciri
270 2761 394 2802 neeesse
410 2753 470 2819 est,
485 2745 559 2804 liber·
574 2745 648 2804 telus
663 2747 691 2803 iu
708 2744 802 2804 medio
819 2745 954 2821 relictus,
979 2753 1066 2802 mele-

30 2861 64 2906 25
75 2831 152 2892 riam
167 2829 328 2907 pleniorem
343 2829 482 2906 recipiat,
503 2829 629 2906 ideoque
643 2838 794 2908 suppuret.
844 2893 853 2901 ,

381 3061 579 3124 CAPUT
611 3061 775 3125 XXIV.
885 3005 896 3022 ·

443 3175 480 3228 De
495 3177 581 3244 digitis
599 3176 702 3226 luxatis.

142 3330 175 3391 ln
194 3329 290 3406 digitis
309 3329 378 3406 nihil
399 3328 473 3389 ultra
494 3327 557 3387 fieri
572 3327 675 3403 debet,
689 3345 784 3406 quam
805 3326 884 3406 quod
900 3328 928 3390 in
947 3296 999 3406 lis,
1021 3327 1068 3403 qui

66 3423 149 3477 -sunt
163 3416 302 3492 iumsuu,
323 3414 445 3492 positum
461 3421 504 3474 est
524 3410 603 3489 (cap.
621 3412 685 3482 19.)
