2372 3892
431 197 498 246 urs.
517 197 592 244 vm.
610 197 684 246 oar.
700 198 751 247 111.
1010 187 1068 250 331

67 353 139 413 tius
156 357 284 430 aptatur:
308 359 345 427 et,
363 349 494 410 sicaries
510 349 619 428 subest,
634 351 745 410 medius
770 349 870 412 olavus
893 354 921 412 in
941 353 1073 416 foramen

71 436 258 502 demittitur:
278 436 302 494 si
321 435 464 510 nigrities,
482 435 589 510 angulo
604 435 711 513 scalpri
727 436 805 494 sinus
823 437 945 512 exiguus
968 437 1008 514 lrt,
1026 441 1073 517 qui

72 521 198 580 clavum
214 519 351 596 recipiat,
370 527 401 576 ut
416 534 452 576 eo
467 518 628 594 insistente,
646 520 835 578 circumactus
857 520 999 581 modiolus
1023 523 1072 583 de·

72 604 143 663 labi
158 619 216 660 non
232 603 339 680 possit:
361 601 465 661 deinde
481 601 505 659 is
522 599 647 678 babens,
672 603 753 679 quasi
774 602 904 679 terebra,
927 607 1071 665 converti·

38 695 139 746 etur.
177 685 287 764 Estque
316 685 429 762 quidam
451 685 598 763 premendi
619 685 737 761 modus,
762 693 792 743 ut
810 695 839 744 et
854 687 947 761 ieret,
971 696 999 746 et
1017 691 1070 748 oir-

76 777 267 844 cumagatur:
292 769 374 846 quia,
396 769 420 828 si
441 769 548 828 leuiter
569 767 753 845 imprimitur,
772 787 871 846 perum
884 770 1014 848 proticit;
1046 774 1071 832 si

77 853 224 930 graviter,
242 867 300 910 non
315 861 456 911 movetur.
480 851 582 928 Neque
600 851 722 912 alienum
739 861 783 910 est
798 853 946 916 instillare.
956 855 1069 932 paulum

76 953 172 996 rosae
200 935 249 995 vel
280 934 380 1011 lactis,
412 952 469 1013 quo
495 937 586 1011 magis
614 934 725 996 lubrico
749 937 972 1013 circumspectum
992 939 1069 1014 quod

75 1023 178 1097 ipsum
205 1027 310 1094 tamen,
338 1021 361 1077 si
389 1019 534 1096 copiosius
557 1027 617 1092 est,
646 1021 737 1078 aciem
759 1018 925 1078 ferramenti
942 1019 1068 1082 hebetat.

24 1123 64 1164 10
76 1103 142 1174 Ubi
158 1103 217 1178 J'am
239 1103 294 1161 iter
316 1102 442 1162 modiolo
461 1103 629 1180 impressum
647 1111 707 1176 est,
724 1102 832 1162 medius
854 1103 953 1162 clavus
972 1105 1068 1164 educi·

76 1197 140 1260 tur,
158 1197 186 1246 et
203 1186 253 1246 ille
267 1203 319 1263 per
330 1203 363 1245 se
377 1187 484 1262 agitur:
501 1186 614 1262 deinde,
630 1203 714 1263 quum
726 1187 832 1246 sanitas
844 1186 988 1247 inferioris
1004 1204 1068 1265 par·

77 1272 121 1329 tis
138 1270 231 1331 scobe
247 1270 362 1345 cognita
379 1277 434 1345 est,
454 1268 595 1348 modiolus
610 1277 785 1329 removetur.
814 1268 853 1328 At
876 1270 900 1327 si
923 1269 1006 1330 latius
1027 1271 1067 1328 vi·

77 1353 153 1412 tium
171 1361 232 1429 est,
249 1369 331 1430 quam
349 1352 444 1412 utillo
463 1352 737 1430 comprehendatur,
760 1351 876 1412 terebra
891 1371 939 1410 res
954 1353 1068 1429 egendo

79 1445 139 1497 est.
172 1435 214 1494 lla
237 1435 366 1495 foramen
388 1436 418 1494 iit
436 1437 465 1494 iu
482 1438 547 1514 ipso
563 1435 618 1496 fine
636 1436 732 1494 vitiosi
756 1437 832 1494 ossis
847 1444 932 1512 atque
947 1437 1066 1512 integrm

32 1542 70 1582 ιε»
82 1519 191 1579 deinde
207 1519 326 1578 alterum
342 1535 399 1578 non
416 1521 454 1580 ita
469 1519 568 1596 longe,
585 1520 765 1596 tertiumque,
781 1516 874 1578 donec
889 1527 966 1577 totus
984 1519 1007 1576 is
1025 1517 1067 1578 lo·

82 1621 148 1678 cus,
171 1605 219 1680 qui
240 1602 415 1662 excidendus
437 1612 496 1679 est,
524 1603 568 1662 his
598 1603 676 1662 cavis
701 1604 811 1662 cinctus
834 1602 880 1660 sit.
912 1601 1008 1679 Atque
1027 1601 1066 1662 ibi

70 1703 214 1764 quoque,
231 1694 369 1763 quatenus
384 1685 499 1746 terebra
516 1685 628 1762 agenda
644 1689 694 1762 sit,
709 1683 809 1745 scobis
822 1684 972 1760 significat.
997 1684 1066 1744 Turn

83 1771 249 1830 excisorius
274 1770 391 1847 scalper
412 1769 447 1829 ab
471 1769 564 1829 altero
585 1769 725 1828 foramine
743 1768 777 1828 ad
795 1768 914 1827 alterum
928 1767 1065 1830 malleolo

82 1852 213 1927 adactus,
229 1853 267 1928 id,
285 1853 359 1930 quod
374 1855 447 1914 inter
462 1862 610 1931 utrumque
624 1853 745 1929 medium
757 1860 816 1927 est,
835 1851 956 1920 excidit3
974 1870 1008 1911 ao
1024 1852 1067 1911 sic

38 1935 206 2000 seambitus
228 1937 327 1994 similis
350 1933 377 1995 ei
398 1937 445 2010 fir,
474 1937 570 2014 quiin
597 1937 791 2012 angustiorem
814 1933 914 1994 orbem
937 1933 1065 1995 modiolo

84 2021 262 2096 imprimitur.
294 2020 366 2080 Utro
388 2019 472 2079 modo
488 2019 601 2079 veroid
617 2019 838 2078 circumductum
854 2027 908 2094 est,
925 2018 998 2078 idem
1015 2037 1064 2076 err·

87 2103 208 2162 oisorius
226 2103 342 2180 scalper
357 2103 384 2161 in
402 2121 469 2162 osse
486 2111 622 2179 corrupto
640 2102 741 2181 planus
764 2118 899 2160 summam
924 2118 1064 2178 quamque

85 2189 186 2245 testam
205 2185 310 2260 laevet,
328 2186 420 2248 donec
435 2187 575 2262 integrum
591 2201 624 2244 os
645 2185 830 2262 relinquatur.
861 2185 918 2243 Vix
934 2201 1064 2261 umquam

86 2269 215 2344 nigrities
225 2269 329 2342 caries,
342 2265 481 2325 interdum
496 2274 585 2350 totum
598 2283 630 2324 os
641 2267 815 2342 perrumpit:
828 2268 1007 2342 maximeque
1016 2265 1065 2324 ubi

43 2353 185 2415 sevitieta
206 2352 330 2412 calvaria
353 2361 407 2412 cst.
441 2351 473 2412 ld
494 2369 608 2430 quoque
628 2350 751 2429 specillo
774 2350 964 2425 significatur:
988 2348 1064 2428 quod

87 2435 255 2513 depressum
275 2437 303 2493 in
325 2436 353 2494 id
371 2436 517 2508 foramen,
533 2435 609 2513 quod
624 2435 697 2496 inira
714 2431 834 2493 solidam
850 2433 950 2496 sedern
965 2431 1062 2506 habet,

87 2526 116 2577 et
133 2517 168 2575 ob
181 2518 210 2576 id
225 2521 351 2577 renitens
367 2519 473 2597 aliquid
488 2519 607 2594 invenit,
625 2527 654 2577 ει
670 2517 787 2576 madens
804 2517 877 2579 exit:
894 2517 918 2574 si
934 2519 1063 2596 pervium

87 2602 207 2676 invenit,
223 2600 307 2660 altius
325 2601 504 2661 descendens
520 2603 638 2662 interos
654 2611 682 2662 et
697 2599 906 2674 membranam,
922 2599 991 2658 nilril
1008 2618 1061 2678 op·

88 2685 210 2762 positum
236 2685 359 2761 invenit,
386 2685 571 2763 educiturque
592 2685 714 2756 siccsun:
738 2701 871 2762 nonque
895 2700 951 2742 non
973 2683 1063 2742 subsit

46 2767 182 2842 soaliqua
206 2769 307 2826 vitiosa
329 2770 440 2834 sanies;
467 2768 670 2845 sedquoniam
687 2768 735 2845 ibi,
759 2776 790 2826 ut
808 2770 837 2826 in
855 2769 958 2828 latiore
980 2766 1061 2838 sede,

89 2849 187 2909 diiiusa
203 2851 246 2908 sit.
272 2852 340 2910 Sive
352 2860 444 2910 autem
459 2853 599 2928 nigrities,
616 2869 699 2928 quam
719 2849 834 2910 terebra
856 2849 978 2922 detexit,
1000 2848 1062 2906 sive

90 2935 189 3009 caries,
209 2951 290 3011 quam
306 2935 456 3012 specillum
471 2934 606 3009 ostendit,
617 2950 657 2992 os
671 2934 794 3006 transiit,
817 2930 932 2991 modioli
949 2929 1061 3009 quidem
1172 3008 1175 3011 μ

89 3034 155 3076 usus
174 3017 238 3075 iere
261 3035 456 3094 supervacuus
475 3027 533 3085 est;
556 3018 620 3095 quia
644 3017 726 3076 latius
741 3023 837 3092 pateat
859 3030 982 3072 necesse
1007 3021 1061 3088 est,

91 3101 164 3178 quod
175 3102 236 3174 jum
256 3100 313 3160 alte
336 3101 491 3178 processit.
536 3099 663 3160 Terebra
687 3115 758 3158 vero
780 3115 814 3156 ea
836 3115 918 3174 quam
933 3096 1060 3158 seeundo

50 3184 155 3243 ecloco
175 3186 274 3261 posui,
300 3184 448 3250 utendum;
474 3201 585 3261 eaque,
605 3201 641 3242 ne
657 3181 738 3241 nimis
757 3180 923 3256 incalescat,
941 3179 1061 3240 subinde

90 3269 233 3344 inaquam
253 3268 384 3345 frigidam
406 3267 577 3328 demittenda
600 3273 653 3324 est.
691 3264 748 3324 Sed
769 3273 836 3322 tunc
859 3265 967 3338 majore
992 3279 1059 3332 cura

91 3350 227 3425 egendum
244 3361 298 3427 est,
316 3369 398 3429 quum
408 3352 466 3426 jam
481 3359 528 3412 eut
542 3348 666 3426 simplex
684 3365 717 3408 os
734 3347 873 3407 dimidium
885 3348 1059 3424 perforatum

91 3440 147 3507 est;
162 3442 209 3494 aut
224 3436 252 3496 iu
269 3435 376 3518 duplici
391 3435 536 3518 superius:
558 3431 628 3497 illud
647 3433 768 3517 spatium
789 3432 894 3515 ipsuum
917 3429 973 3494 hoo
995 3444 1058 3492 sau·
