2384 3896
247 272 251 276 ,
315 219 384 271 cns.
401 219 448 268 ru.
471 219 546 269 our.
561 221 661 270 xxm.
677 223 773 272 xxiv.
979 211 1039 271 149

175 405 179 414 2
293 374 477 437 CAPUT
511 377 663 438 XXIII
686 376 789 456 [xvlt.

317 477 321 488 ’
355 490 392 560 De
410 491 525 541 laevitate
544 493 729 542 intestinorum.

132 627 179 688 Ex
205 628 373 689 torminibus
398 628 539 690 interdum
566 629 912 694 intestinorum‘leeuitas
935 634 1038 700 uritur:

38 728 101 790 qua
122 714 271 774 continere
292 713 361 772 nibil
378 721 515 792 possunt,
540 721 568 772 et
584 714 721 791 quidquid
739 724 892 776 assumtum
907 727 967 793 est,
991 718 1038 776 im-

10 796 210 876 aperfectum
234 798 366 877 protinus
380 797 511 858 reddunt.
548 796 585 856 ld
597 798 738 858 interdum
753 816 861 876 aegros
877 800 977 878 trabit,
999 802 1038 860 fn·

37 880 160 940 tendum
176 883 358 960 praecipitat.
392 880 423 949 ln
440 881 498 942 boc
514 882 612 960 utique
628 881 766 942 adhibere
783 892 901 961 oportet
917 885 1039 962 compri·
1088 877 1092 883 ’

37 965 167 1034 mentia3
191 983 248 1044 quo
271 966 385 1028 facilius
400 964 514 1026 tenendi
530 964 638 1043 aliquid
655 967 798 1029 intestinis
814 967 858 1027 vis
874 970 919 1028 sit.
956 966 1039 1044 Ergo

40 1057 74 1108 et
92 1067 183 1127 super
195 1057 297 1128 pectus
311 1059 434 1128 ponatur
446 1050 554 1128 sinapI;
569 1047 794 1130 exulcerataque
808 1059 882 1128 cute,
898 1051 1038 1128 malagma

40 1132 126 1211 quod
151 1132 299 1193 humorem
327 1143 447 1194 evocet:
482 1143 510 1193 ct
538 1151 576 1194 ex
604 1132 739 1195 uerbenis
763 1134 886 1196 decocta
912 1136 941 1194 fn
967 1153 1038 1212 aqua

0 1216 196 1280 ‚odesideam
226 1226 255 1277 et
276 1217 358 1278 cibos
382 1220 577 1296 potionesque
600 1229 740 1294 assumat,
769 1237 842 1297 quae
870 1218 965 1279 alvum
992 1218 1039 1278 ad·

39 1303 216 1378 stringente
234 1310 262 1361 et
283 1301 395 1380 frigidis
417 1311 510 1364 utatur
530 1302 755 1380 perfusionibus.
803 1303 926 1381 Oportet
946 1313 1041 1368 tamen

39 1386 238 1466 prospicere,
261 1405 315 1462 ne,
337 1385 487 1448 simul-bis
504 1385 634 1446 omnibus
651 1385 789 1462 admotis,
814 1388 912 1446 vitium
927 1397 1040 1448 contra-

39 1472 119 1530 rium
136 1489 190 1548 per
201 1469 367 1531 immodicas
380 1469 543 1530 inflationes
556 1471 674 1530 oriatur.
697 1471 836 1530 Paulatim
848 1488 921 1547 ergo
935 1471 1041 1531 firmari

40 1556 183 1614 intestina
205 1554 363 1632 debebunt,
387 1554 528 1633 aliquibus
548 1552 675 1632 quotidie
691 1555 823 1630 adjectis.
857 1553 895 1614 Et
914 1573 998 1633 quum
1013 1554 1041 1614 iu

0 1640 125 1700 somni
151 1638 241 1699 fluore
258 1641 384 1715 ventris,
406 1648 465 1699 tum
479 1639 507 1698 iu
523 1637 581 1698 boc
597 1639 755 1719 praecipue
772 1640 968 1700 necessarium
985 1647 1040 1713 est,

39 1741 105 1784 nou
126 1723 327 1800 quotieslibet
343 1723 492 1800 desidere,
508 1721 560 1782 sed
577 1723 691 1800 quoties
707 1741 831 1784 necesse
845 1731 903 1792 est;
927 1731 956 1783 ut
967 1723 1041 1782 baec
1143 1783 1144 1788 ,

39 1810 110 1886 Ipsa
126 1825 207 1867 mora
222 1809 250 1868 in
268 1806 504 1874 cousuetudinem
522 1807 635 1867 ferendi
653 1809 750 1868 oneris
763 1809 896 1867 intestina
908 1806 1039 1867 deducat.

40 1892 179 1952 Alterum
196 1910 328 1971 quoquc,
345 1891 421 1971 quod
437 1909 529 1971 aeque
545 1891 581 1952 ad
597 1908 697 1953 omues
715 1892 823 1952 similes
836 1892 958 1952 allectus
974 1908 1041 1970 per-

40 1978 134 2051 timet,
159 1977 188 2036 in
211 1977 268 2035 boe
283 1977 404 2036 maxime
428 1974 600 2036 servandum
623 1985 682 2046 est;
712 1985 759 2052 ut,
792 1993 877 2055 quum
900 1975 1041 2054 pleraque

1 2080 32 2122 ao
41 2061 126 2122 utilia
148 2061 277 2120 insuavia
299 2060 371 2136 sint,
397 2058 489 2138 qualis
511 2069 556 2120 est
577 2059 716 2138 plantago
738 2069 767 2120 et
782 2059 846 2119 rubi
860 2067 889 2118 et
904 2056 1041 2137 quidquid

39 2143 198 2206 malicorio
221 2145 338 2205 mixtum
361 2154 420 2221 est,
444 2161 478 2204 ea
501 2145 681 2223 potissimum
705 2162 742 2203 cx
761 2143 806 2202 bis
825 2143 943 2220 deutur,
966 2160 1041 2220 quae

39 2229 171 2290 maxime
197 2246 288 2306 aeger
314 2228 409 2288 volet:
441 2228 558 2304 deiude,
583 2230 607 2286 si
634 2228 727 2287 omnia
753 2228 808 2286 ista
834 2225 977 2300 fastidiet,
1007 2224 1042 2284 ad

40 2311 229 2374 excitandam
245 2312 301 2372 elbi
315 2310 513 2392 cupiditatem,
529 2313 727 2390 interponatur
739 2309 845 2388 aliquid
857 2311 949 2370 minus
959 2308 1040 2383 utile,

40 2395 100 2458 scd
114 2397 208 2472 magle
224 2405 347 2474 gratum.
379 2395 612 2456 Exercitationes
630 2402 658 2454 et
674 2394 826 2455 frictiones
840 2393 907 2452 buic
925 2408 1041 2471 quoque

5 2478 155 2542 aamorbo
177 2482 361 2541 necessariae
382 2488 462 2548 sunt;
485 2489 597 2540 etcum
621 2479 666 2538 lris
690 2478 752 2554 sol,
776 2477 870 2554 iguis,
898 2477 1040 2552 balneum,

40 2566 183 2638 vomitus,
195 2574 225 2624 ut
235 2565 405 2644 Hippocrati
417 2565 508 2627 visum
517 2573 562 2624 est
577 2563 679 2642 (Hipp.
691 2561 739 2622 De
752 2559 852 2641 offeci.
865 2561 896 2637 ς.
909 2562 961 2640 23,
974 2561 1040 2638 24),

41 2652 134 2712 etiam
150 2647 220 2710 albo
237 2657 369 2727 veratro,
388 2648 529 2712 sicctcra
548 2665 646 2726 parum
662 2647 831 2728 proficient,
848 2653 997 2706 cuneatus.

294 2887 479 2949 oneum
514 2849 799 2965 xxuuqxvrq.

276 3003 314 3053 De
344 3002 474 3054 lumbricis
509 3002 594 3052 alvum
623 3000 813 3066 occupantibus.

8 3174 34 3217 ao
108 3153 331 3233 Nonnumquam
352 3163 445 3216 autem
466 3151 596 3214 lumbrici
618 3169 734 3230 quoque
761 3156 907 3228 occupant
930 3147 1039 3216 aleton:

43 3239 136 3318 bique
156 3239 242 3300 modo
259 3257 296 3300 ex
310 3238 495 3300 inferioribus
510 3235 658 3316 partibus,
674 3233 761 3294 modo
779 3233 894 3296 foedius
909 3249 961 3292 ore
978 3231 1041 3292 red·

44 3323 168 3384 duntur:
183 3332 277 3401 'atque
300 3323 440 3383 interdum
462 3321 536 3380 lotos
560 3332 628 3396 eos,
648 3319 696 3396 qui
717 3318 836 3397 peiores
853 3326 933 3392 suut,
955 3317 1041 3376 Inter·

45 3407 114 3468 dum
129 3415 243 3467 teretes
260 3406 399 3466 uidemus.
427 3405 457 3466 si
473 3405 522 3464 lati
536 3412 617 3479 sunt,
633 3419 708 3481 aqua
722 3405 803 3481 potui
819 3399 997 3472 deridebat,
1014 3399 1041 3456 in

47 3509 105 3571 qua
120 3491 267 3569 lupinum,
284 3500 331 3552 aut
345 3499 446 3551 cortex
461 3489 534 3549 mori
550 3487 692 3548 de'coctus
703 3489 755 3556 sit;
775 3497 823 3546 aut
839 3487 884 3546 cni
900 3483 1042 3578 adjectum
