2392 3906
329 195 746 248 ure.rrr.os1³.xx1.xsr1.
917 221 930 234 ·
980 185 1039 248 too

32 343 156 428 triplici
175 366 287 427 panno,
314 349 420 424 fascia,
449 367 507 410 non
526 352 639 412 nimiunn
665 361 759 414 tomen
780 352 967 414 vehementer
992 352 1040 412 ad·

33 436 208 510 stringere:
231 433 308 510 quod
327 451 346 522 a
358 433 478 494 Tharria
493 435 671 512 proiectum,
695 446 839 498 servatum
857 455 924 497 esse
946 438 1040 515 aplu-

32 517 125 578 ribus'
146 516 244 578 video.
257 545 262 556 r
277 516 307 576 Si
323 517 425 593 Jecur,
442 527 490 578 aut
509 520 614 578 lienem
634 520 767 580 allectum
781 539 847 582 esse
861 522 1041 582 menifestum

34 611 106 676 est,
131 603 218 664 licum
236 601 371 679 pinguem
387 611 550 678 contusam,
573 604 687 679 adjecto
703 604 805 679 melle,
827 619 1040 683 superponere.

9 686 71 744 ssi
100 703 159 764 per
179 685 246 744 talin
260 684 366 746 auxilia
385 695 488 746 venter
507 703 564 746 non
586 687 727 763 siccatur,
755 689 808 748 sed
828 686 930 747 humor
951 686 1040 748 nihilo

34 770 138 828 minus
161 767 299 842 abundat,
322 769 459 830 celeriori
478 772 525 830 via
540 789 728 847 succurrere,
750 781 780 831 ut
798 773 822 830 is
844 780 1041 850 pervenirem

35 854 141 931 ipsum
157 853 308 912 emittatur.
342 851 444 931 Neque
459 855 563 931 ignoro
578 855 754 916 Erusistrato
770 855 953 933 displicuisse
968 853 1042 914 bunc

38 936 167 997 curandi
181 938 271 996 viem:
296 936 426 998 morbum
441 940 514 998 enim
529 938 604 998 bunc
613 941 755 1014 jecinoris
772 942 894 1017 putavit:
920 941 957 998 ita
973 935 1042 997 illud

39 1039 113 1081 esse
131 1019 302 1088 sanandum
327 1021 490 1100 frustraque
512 1040 613 1100 nquam
629 1025 734 1099 emitti,
753 1041 841 1101 quae,
861 1024 961 1082 vitiato
980 1021 1041 1096 illc,

9 1104 173 1176 aosnbinde
188 1113 330 1164 nascatur.
364 1104 422 1165 Sed
439 1107 557 1184 primum
577 1125 634 1166 non
652 1108 735 1182 buius
750 1108 872 1168 visceris
886 1107 967 1166 unius
985 1105 1042 1164 boc

46 1190 146 1248 vitium
163 1197 223 1248 est:
242 1205 309 1248 nam
329 1197 358 1248 ct
377 1187 455 1249 liene
475 1190 597 1268 allecto,
614 1201 643 1251 et
661 1194 690 1252 in
708 1193 797 1251 totius
818 1192 951 1269 corporis
966 1188 1041 1250 mulo

43 1272 146 1334 babitu
163 1274 203 1332 lit.
232 1271 359 1348 Deinde,
377 1281 406 1334 ut
422 1273 488 1332 inde
503 1277 651 1354 coeperit,
671 1284 766 1336 tamen
783 1293 857 1354 aqna
872 1275 926 1334 nisi
941 1273 1042 1333 emitti

42 1367 108 1432 tur,
127 1375 203 1434 qnae
220 1365 319 1416 cnntm
336 1365 463 1417 naturam
477 1357 517 1417 ibi
531 1358 671 1434 substitit,
697 1368 726 1418 et
742 1360 867 1434 jecincri
893 1367 922 1417 et
937 1357 1042 1416 ceteris

43 1439 237 1500 interioribus
253 1439 381 1519 partibus
392 1451 487 1500 nocet.
521 1440 720 1522 Convenitque
733 1461 838 1522 corpus
852 1441 940 1502 nihilo
952 1441 1043 1500 minus

10 1543 117 1586 ncesse
133 1525 298 1584 curandum.
328 1523 431 1602 Neque
448 1526 522 1584 enim
542 1535 622 1586 sanat
639 1527 760 1588 emissus
777 1527 894 1600 humor,
919 1525 971 1586 sed
985 1541 1042 1582 ore·

45 1610 164 1670 dicinae
185 1609 279 1668 locum
301 1607 384 1684 lacit,
409 1607 492 1686 quam
511 1609 585 1669 intus
601 1611 728 1670 inclusus
744 1611 871 1689 impedit.
899 1609 945 1669 Ac
959 1625 995 1667 ne
1010 1606 1042 1666 il·
1152 1661 1153 1666 ,

45 1693 95 1754 lud
113 1692 229 1769 quidem
251 1694 279 1751 in
300 1695 526 1752 controversiam
542 1696 635 1770 venit,
654 1697 721 1774 quin
739 1713 796 1756 non
820 1711 920 1754 omnes
939 1695 967 1752 in
986 1690 1043 1750 boc

46 1776 152 1838 morbo
176 1778 218 1836 sic
239 1777 333 1836 curari
355 1778 480 1854 possiam
504 1777 557 1838 sed
575 1780 700 1852 juvenes
719 1779 846 1854 robusti,
868 1779 915 1857 qui
936 1775 983 1835 rel
1006 1792 1044 1834 ex

48 1872 114 1922 toto.
127 1870 227 1920 carent
241 1859 341 1935 lebre,
356 1860 403 1920 vel
420 1871 500 1920 certe
515 1866 586 1922 satis
601 1863 738 1924 liberales
753 1864 980 1922 intermissiones
995 1859 1043 1917 lm·

20 1945 130 2008 nobent.
143 1944 217 2004 Nam
228 1961 348 2023 quorum
361 1945 523 2006 stomachus
536 1957 751 2026 corruptusest,
764 1948 850 2025 quive
863 1963 900 2006 ex
912 1954 973 2006 ntra
984 1942 1044 2002 bile

52 2029 107 2090 buc
122 2028 302 2102 deciderunt,
321 2030 406 2106 quive
417 2029 520 2090 malum
536 2034 669 2109 corporis
684 2031 808 2090 habitum
819 2028 935 2102 babent,
948 2027 1044 2088 idonei

52 2113 117 2173 bnic
136 2112 278 2172 curationi
299 2129 356 2172 non
378 2122 451 2172 sunt.
483 2111 572 2174 Cibus
586 2125 697 2189 autem,
722 2130 779 2192 quc
796 2115 844 2174 die
859 2116 980 2192 primum
995 2110 1043 2170 bn·

51 2213 114 2258 mor
130 2197 253 2256 emissus
272 2203 330 2270 est,
348 2214 547 2275 supervacuus
565 2207 624 2273 est,
645 2199 699 2258 nisi
721 2200 745 2257 si
768 2199 847 2258 vires
864 2197 981 2257 desunt:
1004 2196 1043 2252 in

54 2277 380 2358 sequentibusdiebus,
406 2289 435 2339 et
456 2281 497 2354 is,
521 2290 549 2339 et
569 2283 663 2341 vinum
681 2281 822 2340 meracius
838 2279 967 2358 quidem,
992 2275 1043 2334 sed
1076 2331 1078 2336 ,

25 2382 112 2426 noca
126 2366 163 2423 ita
176 2363 292 2424 multum
308 2361 367 2422 dari
383 2362 483 2440 debet,
505 2364 697 2443 paulatimque
711 2363 877 2426 evocandus
892 2379 983 2438 aeger
1000 2369 1045 2418 est

59 2448 90 2508 ad
104 2448 343 2522 exercitationes,
365 2447 531 2519 frictiones,
554 2448 661 2522 solem,
679 2448 861 2523 sudationes,
885 2446 1044 2521 navigatio·

56 2551 105 2592 nes
122 2531 265 2611 (ef.1‚2;
288 2529 369 2590 Cael.
382 2531 494 2607 Aurei,
513 2530 612 2593 Morb.
630 2532 734 2594 ebron.
751 2531 802 2608 lli,
819 2531 866 2609 8),
881 2540 910 2590 et
924 2529 1045 2590 idoneos

56 2615 151 2691 cibos,
168 2615 262 2677 donec
278 2633 313 2674 ex
329 2623 390 2674 toto
406 2616 602 2676 convalescat.
630 2616 773 2676 Balneum.
783 2634 876 2677 rarum
891 2631 940 2674 res
957 2621 1044 2678 amam

56 2702 280 2779 frequentiorem
295 2700 322 2757 in
335 2700 437 2774 jejuno
454 2701 597 2760 vomitum.
626 2703 656 2761 Si
676 2711 773 2762 nestas
791 2710 850 2775 est,
867 2701 895 2758 in
912 2699 981 2757 mari
997 2714 1044 2755 na·

28 2794 116 2848 notare
139 2783 318 2843 commodum
339 2793 393 2842 est.
420 2783 477 2844 Ubi
492 2784 636 2846 convaluit
651 2785 769 2863 uliquis,
793 2785 953 2846 dictamen
977 2781 1044 2840 alie-

56 2887 106 2928 nus
121 2869 148 2926 ei
159 2870 275 2926 veneris
291 2885 361 2926 usus
376 2876 430 2930 est.

373 3104 560 3166 CAPUT
588 3105 730 3164 XXII.

340 3222 377 3270 De
399 3223 594 3285 tube,‚ejusque
612 3221 751 3286 speciebus.

118 3373 232 3444 Diutius,
242 3393 332 3452 saepe
351 3385 380 3432 et
396 3372 589 3452 periculosius
603 3370 685 3430 tabes
702 3389 754 3432 eos
770 3372 843 3431 male
858 3371 955 3444 habel,
972 3387 1045 3446 quos

32 3459 171 3526 animasti.
202 3459 297 3536 Atque
314 3458 398 3532 liujus
419 3475 534 3535 quoque
558 3457 654 3534 plures
675 3458 790 3534 species
810 3464 883 3516 sunt.
913 3455 975 3516 Una
990 3462 1045 3526 est,
