2444 3904
480 237 687 288 Praesumo.
1057 239 1095 288 lx

70 393 184 461 tussa,
201 393 325 470 ideoque
339 393 400 452 hio:
415 409 504 468 quom
516 395 627 454 Graeci
638 387 758 470 χιτῶνα
772 393 877 454 valeam
890 395 1036 470 aptissime
1049 393 1093 452 in-

70 478 218 537 seruisset.
249 477 347 554 ltaque
362 477 430 554 quid
445 495 621 554 unoquoque
635 476 700 536 loco
714 477 863 552 scripserit
876 484 975 538 noster
990 494 1094 538 eruere

70 561 221 629 constitui,
244 567 330 636 atque
351 561 407 620 hac
427 562 537 621 ratione
559 561 654 620 omnia
675 577 750 638 quae
770 566 870 636 aperte
889 560 1094 636 glossematum

69 646 198 720 speciem
219 644 363 712 referunt,
387 663 403 704 e
424 643 498 703 Celsi
518 648 668 712 contextu,
690 643 718 702 id
735 643 811 720 quod
827 642 886 720 jam
904 652 969 703 ante
984 661 1031 703 me
1051 649 1095 702 sat

67 727 240 804 frequenter
269 728 366 786 lacere
395 745 548 804 aggressus
582 733 626 788 est
657 726 765 800 Targa,
800 725 945 802 expellere
973 733 1093 788 conatus

66 827 145 870 sum.
188 811 354 887 Proponam
380 810 500 886 insuper
524 809 605 870 locos
625 809 780 870 nonnullos
804 809 854 868 ubi
874 809 962 869 rerba
989 826 1094 885 graeca

9 917 10 920 ¹
65 893 187 954 aliunde
212 895 324 953 invecta
355 911 417 954 esse
443 894 629 954 vehementer
648 895 795 970 suspicor,
825 890 987 971 subjunctis
1008 909 1093 969 argu-

65 979 175 1036 mentis
197 995 249 1038 cur
269 979 308 1036 ita
329 978 458 1036 sentiam.

154 1059 332 1121 Glossemata
359 1061 431 1120 haec
453 1066 533 1120 certo
559 1061 627 1121 satis
652 1061 770 1138 antiqua
794 1066 876 1129 sunt,
904 1076 995 1136 quum
1015 1059 1094 1122 exhi-

65 1143 194 1202 beantur
217 1149 245 1202 et
265 1161 281 1202 a
299 1143 363 1203 cod.
380 1144 441 1202 Vat.
465 1144 514 1221 qui
534 1161 609 1204 saec.
625 1144 650 1203 X
672 1145 797 1220 scriptus
816 1149 874 1211 est,
898 1150 926 1202 et
943 1162 959 1202 a
974 1142 1094 1204 Floren-

66 1226 130 1284 tino
152 1229 203 1302 qui
221 1226 288 1295 llll,
312 1233 341 1286 et
362 1245 376 1286 a
396 1227 527 1287 Parisino
548 1235 588 1286 n⁰.
606 1228 687 1288 7028
706 1228 756 1305 qui
775 1227 823 1286 xl.
861 1227 897 1286 Ni
917 1226 1009 1297 fallor,
1031 1247 1094 1289 sae·

67 1309 137 1368 culo
161 1310 231 1389 Vll‚l
248 1309 310 1370 Vlll
332 1310 376 1370 vel
397 1310 437 1370 lx
463 1313 604 1388 originem
624 1311 732 1371 debent
758 1310 947 1388 proiectaque
969 1318 1037 1371 sunt
1059 1329 1095 1372 ex

67 1392 125 1452 illis
152 1393 322 1454 Latinorum
353 1393 428 1453 ludis
455 1393 603 1463 literariis,
636 1411 761 1472 quorum
787 1393 917 1470 magistri
943 1411 977 1454 eo
1002 1413 1095 1473 usque

67 1475 172 1542 saltem
190 1476 317 1554 linguam
334 1495 469 1554 graecam
487 1477 637 1546 callebant,
655 1484 687 1538 ut
701 1476 746 1538 vel
760 1476 850 1537 lihros
868 1495 988 1554 graecos
1004 1478 1094 1556 quali·

69 1579 197 1638 cumque
218 1561 333 1621 tandem
355 1561 442 1620 modo
463 1560 550 1621 latine
570 1562 768 1638 interpretari,
792 1559 837 1620 rel
856 1562 1015 1621 orationem
1030 1579 1093 1621 ver-

68 1643 205 1704 naculam
225 1645 363 1721 inspersis
384 1644 530 1705 vocabulis
556 1645 723 1722 alienigenis
745 1661 933 1720 corrumpere
955 1643 1093 1714 valerent,

70 1727 142 1787 adeo
164 1735 196 1787 ut
217 1729 349 1788 codicum
370 1729 514 1804 margines
538 1729 671 1789 ultimum
699 1734 796 1789 essent
821 1727 989 1788 eruditionis
1014 1728 1093 1788 relu-

69 1811 164 1888 gium,
188 1829 263 1889 quae
278 1811 338 1890 jam
354 1831 369 1871 a
384 1812 530 1889 plerisque
548 1811 655 1872 inutilis
670 1810 844 1879 habebatur,
865 1829 920 1871 nec
935 1810 1011 1871 aliud
1025 1810 1094 1889 quid

70 1895 125 1954 nisi
146 1912 247 1954 rerum
268 1895 464 1955 obsoletarum
485 1896 611 1956 studium
631 1913 702 1971 prae
724 1911 755 1954 se
772 1893 925 1974 ferebam).

152 1979 273 2038 Praeter
299 1978 372 2039 haec
402 1979 573 2056 glossemata
600 1995 720 2054 graeca,
750 1977 854 2055 quibus
885 1979 1025 2038 refertum
1052 1983 1094 2038 est

1 2099 2 2102 =
70 2079 144 2139 opus
160 2061 338 2130 Celsianum,
358 2063 448 2123 multo
469 2062 608 2140 majorem
631 2062 716 2121 etiam
736 2063 862 2120 continet
881 2063 993 2139 copiam
1017 2061 1093 2138 glos·
1123 2133 1125 2138 Ι

1 2208 2 2211 ,
69 2153 211 2205 somatum
248 2143 418 2215 latinorum,
464 2146 724 2204 additamentorum
763 2145 888 2222 denique
921 2146 1093 2226 interpreta-

70 2235 293 2308 mentorumque
310 2228 519 2308 cujuscumque
533 2229 655 2304 generis.
690 2226 814 2286 Istorum
832 2227 1094 2287 additamentorum

71 2311 207 2371 nonnulla
233 2313 347 2388 integra
373 2313 499 2372 resecuit
522 2309 675 2388 Targa**);
707 2311 861 2368 maximam
884 2327 953 2368 vero
979 2314 1091 2386 partem

73 2396 157 2453 uncis
180 2396 326 2456 inclusisse
350 2397 417 2454 satis
432 2395 549 2462 ,habuit
594 2393 651 2453 Sed
673 2393 728 2452 hac
747 2392 777 2451 in
798 2409 831 2450 re
852 2393 939 2450 nimia
959 2409 1029 2451 usus
1051 2397 1093 2452 est

73 2477 197 2547 cautela;
222 2481 311 2538 immo
333 2497 386 2556 ego
405 2481 479 2555 ipse,
504 2478 570 2537 licet
591 2475 680 2536 multa
652 2483 769 2552 tquae
788 2492 1001 2551 supervacanea
1015 2475 1092 2536 vide·

70 2559 176 2621 bantur
196 2562 239 2622 ult
226 2567 273 2621 tro
295 2561 462 2630 deleverim,
483 2561 542 2639 jam
556 2561 639 2620 rideo
659 2577 706 2618 me
730 2576 786 2617 non
806 2559 901 2618 omnia
915 2560 1094 2634 praestitisse

69 2662 144 2722 perae
164 2647 305 2738 praestari
328 2647 487 2724 potuerint;
461 2645 576 2705 tdiut
564 2650 669 2704 turnus
692 2645 768 2702 enim
789 2643 926 2702 orationis
947 2642 1093 2704 Celsianae

1 2761 2 2800 p
68 2746 139 2788 usus
166 2748 214 2791 me
240 2748 320 2790 nunc
340 2736 416 2790 vetat
437 2730 590 2810 quominus
611 2725 739 2826 obelisco
762 2745 821 2786 non
847 2725 958 2806 adjecto
942 2728 1010 2787 oin
1033 2727 1092 2787 edi·
1116 2745 1123 2764 ·

70 2881 263 2891 m—

133 2961 159 3027 *)
184 2965 272 3026 Quum
294 2965 441 3030 permultos
464 2963 573 3014 cedices
595 2961 659 3012 inde
680 2977 697 3012 a
721 2977 795 3014 seeo.
813 2963 968 3025 musque
987 2959 1022 3008 ed
1039 2959 1093 3008 XII

67 3035 196 3081 exaratos
213 3033 405 3093 tractaverim,
424 3033 492 3081 satis
512 3034 678 3094 compertum
690 3030 778 3081 habeo
792 3034 894 3094 quanta
907 3027 1092 3078 ostentatione
1116 3059 1119 3062 -

65 3097 173 3214 {imm
193 3098 278 3149 libros
299 3099 515 3149 transcribentes
537 3111 637 3162 graece
660 3096 735 3160 loqui
759 3101 819 3147 tent
821 3101 867 3146 ent
888 3094 968 3159 hujus
992 3097 1055 3143 aeta
1039 3093 1093 3142 atis

78 3165 184 3214 brasii.

132 3230 175 3295 *11)
202 3233 251 3282 Ex.
270 3249 324 3298 gn·
348 3249 374 3298 p
393 3231 464 3282 331.
485 3232 511 3281 12
539 3234 638 3297 qumodo
656 3247 717 3282 sane
735 3233 770 3282 cd
785 3234 916 3282 sanitatem
933 3233 1012 3288 venit,
1031 3233 1093 3294 post

1 3335 2 3356 ,
64 3301 222 3360 11011001-
185 3299 282 3361 -72,
301 3301 345 3349 15:
370 3305 395 3348 ct
412 3315 475 3366 quoe
493 3303 568 3349 tertio
587 3300 663 3357 libro,
683 3304 745 3360 cet,
765 3304 827 3364 post
845 3299 939 3354 nuclei:
967 3297 1002 3346 cf.
1022 3298 1091 3345 Adra.

67 3373 186 3426 este-
206 3364 262 3428 147,
275 3337 319 3416 30·
339 3369 406 3432 qood
422 3359 534 3430 χολικον
546 3371 695 3428 semenator
714 3369 775 3430 post
786 3365 898 3415 verbum
910 3369 1092 3426 comparatum,-

67 3457 99 3468 -
114 3431 175 3493 203,
189 3431 234 3482 231
257 3436 335 3514 guod,
339 3437 372 3482 sit
387 3439 558 3495 ceraapotorom
575 3433 626 3482 111.
640 3433 666 3481 S.
681 3433 752 3495 )-‚(1
771 3435 832 3496 post
849 3445 944 3482 vocem
962 3434 1043 3485 laser,-
1059 3451 1092 3462 -

68 3497 126 3563 309,
143 3499 173 3549 11
190 3509 267 3564 super
283 3503 379 3550 vesicae
397 3501 528 3558 cervicem
546 3504 608 3564 post
624 3499 736 3550 verbum
753 3500 837 3550 1001011.
