2384 3896
155 195 213 256 196
446 206 478 250 ι.
494 203 524 250 c.
541 201 640 250 ceusu
656 197 852 248 nsotctunn

153 359 285 420 balneum
310 369 421 432 rarum,
450 356 506 416 cibi
527 311 595 415 boni
620 355 717 427 succi,
744 354 841 414 vitatis
863 352 999 414 omnibus¹
1021 350 1140 418 acrinus:

152 443 205 503 sed
220 445 280 519 jam
303 442 461 520 pleniores.
495 440 567 500 Nam
581 450 610 500 et
625 441 704 514 avis,
727 447 757 498 et
771 439 904 512 venatio,
928 446 958 497 et
972 435 1060 496 suilla
1075 436 1142 496 elira

152 527 213 586 dari
239 535 346 605 potest.
380 526 483 586 Vinum
505 523 653 598 omnibus,
670 521 736 582 dnm
756 521 862 599 lebris,
885 521 950 581 duna
964 519 1141 588 iullarnnaatiu

153 618 212 684 est,
241 609 364 669 alienum
389 616 450 668 esti
476 610 601 687 itemque
622 624 714 684 usque
737 605 773 665 ad
795 606 980 680 cicatricem,
1014 605 1039 662 si
1062 605 1142 676 uerri,

152 692 310 753 musculive
331 693 473 752 vulnerati
488 701 567 760 suut;
592 692 677 750 etiam
692 691 716 749 si
730 690 788 750 alte
803 705 883 750 caro.
921 686 960 747 At
976 689 1003 746 si
1021 687 1109 764 plaga
1122 689 1159 748 ius

152 795 259 836 summa
283 786 348 836 cute
367 777 485 854 generis
508 776 621 835 tutioris
636 783 697 849 est,
719 782 816 851 potest
830 791 889 832 uon
908 779 1071 851 pervetus,
1093 787 1141 829 no

152 862 217 921 dice
234 870 327 920 tamen
345 860 457 935 datum,
474 857 698 937 adimplendum
713 873 830 936 quoque
845 858 1006 934 prolicere.
1038 853 1143 932 Siquid

151 943 333 1004 molliendum
350 952 405 1017 est,
423 941 501 1020 quod
513 944 540 1001 in
554 943 685 1001 nervosis
698 942 783 1017 locis,
799 940 1036 1016 musculosisque
1049 957 1142 997 neces

152 1031 254 1087 sarium
268 1037 323 1102 est,
339 1036 438 1086 cerato
452 1044 567 1105 quoque
580 1024 983 1105 superrulnusutendumest.
1001 1023 1143 1082 Atsicarn

153 1111 344 1189 supercrevit,
356 1109 471 1169 modica
481 1111 610 1190 reprimit
623 1111 730 1170 siccum
740 1109 934 1174 linamentum:
950 1106 1144 1186 rebementiua

154 1210 268 1271 squama
283 1194 368 1251 aeris.
392 1195 422 1251 Si
434 1193 499 1272 plus
512 1203 567 1270 est,
584 1194 662 1272 quod
674 1191 738 1252 tulli
749 1209 824 1272 opus
837 1201 892 1267 est,
908 1190 1076 1251 adhibenda
1092 1198 1144 1248 sunt

153 1279 304 1335 etiamnum
326 1275 557 1355 vehementiora,
582 1294 655 1356 quae
679 1293 787 1354 corpus
803 1275 936 1336 exedant.
975 1273 1144 1334 Cicatricem

154 1368 221 1438 pust
237 1361 330 1419 omnia
346 1359 419 1420 haec
435 1362 586 1422 commode
604 1360 710 1420 inducit
727 1361 830 1435 lycium
849 1378 886 1418 ex
904 1375 995 1438 passo
1013 1367 1064 1418 unt
1079 1357 1144 1416 lacte
1163 1369 1164 1372 ’

154 1443 285 1514 dilutum;
307 1444 356 1503 rel
373 1446 456 1504 etiam
471 1463 524 1523 per
539 1463 571 1504 se
587 1445 751 1524 impositum
767 1445 875 1503 siccum
890 1443 1092 1502 linamentum.

216 1527 266 1590 31.
295 1525 349 1588 llic
370 1527 443 1588 ordo
457 1529 553 1588 leliuis
569 1529 725 1588 curationis
741 1537 801 1588 est:
824 1528 876 1588 sed
892 1525 1037 1606 quaedam
1056 1538 1144 1584 tamen

153 1609 453 1690 periculosuiucidere
465 1617 652 1668 consuerunt.
671 1611 814 1671 interdum
830 1613 904 1670 enirn
919 1618 1057 1669 vetustas
1073 1609 1145 1668 uletn

155 1703 298 1773 occupat,
326 1696 523 1774 induciturque
551 1698 577 1756 ei
605 1695 712 1772 callus,
742 1704 772 1754 et
797 1697 906 1755 circum
931 1711 1006 1753 orae
1033 1709 1145 1752 crassae

154 1779 259 1837 livent·
284 1786 349 1857 post
366 1797 456 1858 quae,
479 1779 615 1857 quidquid
630 1780 902 1840 medicamentorum
917 1779 1083 1855 ingeritur,
1106 1793 1145 1855 pa·

153 1877 214 1919 rum
229 1863 357 1939 prolicit:
376 1864 451 1942 quod
468 1863 531 1924 iere
546 1863 730 1939 negligenter
746 1871 845 1923 curato
862 1863 953 1922 ulceri
969 1861 1145 1939 supervenit.

152 1943 295 2005 luterdum
316 1947 362 2006 vel
388 1964 424 2006 ex
446 1947 529 2006 nimia
551 1947 786 2021 inflammatione,
810 1946 857 2005 vel
880 1946 917 2005 ob
935 1953 1036 2004 aestus
1052 1946 1145 2004 immo

153 2027 253 2106 dicos,
277 2029 325 2090 vel
348 2030 385 2089 ob
406 2031 491 2090 nimia
516 2029 640 2108 frigora,
663 2031 710 2090 vel
734 2032 798 2108 quia
821 2030 902 2088 nimis
926 2029 1035 2088 vulnus
1050 2027 1146 2088 adstr’r

154 2122 227 2172 ctum
250 2123 310 2192 est,
333 2115 380 2174 vel
403 2117 467 2192 quia
492 2132 599 2193 corpus
622 2124 669 2174 aut
683 2115 794 2191 senile,
819 2113 946 2172 autmuli
964 2112 1085 2172 babitus
1100 2119 1146 2184 est,

154 2215 259 2258 cancer
281 2207 414 2277 occupat.
459 2197 489 2257 ld
512 2216 604 2275 genus
626 2215 642 2257 a
668 2197 789 2258 Graecis
813 2197 957 2258 diductum
978 2197 1007 2255 in
1034 2197 1148 2275 species

153 2291 212 2349 est:
241 2283 347 2341 uostris
370 2281 519 2341 vocabulis
540 2298 597 2340 non
618 2289 672 2340 est.
710 2279 815 2341 ¹(imnis
840 2288 934 2341 autern
957 2297 1072 2340 cancer
1098 2295 1148 2338 nou

153 2365 245 2430 sulum
268 2365 297 2426 id
325 2365 505 2444 corrumpit,
538 2363 616 2444 quod
642 2367 818 2443 occuparit,
849 2364 902 2424 sed
928 2365 1017 2424 etiam
1044 2364 1168 2442 saepiat

153 2448 257 2508 deiude
282 2449 346 2508 aliis
368 2448 492 2527 aliisque
514 2449 604 2526 siguis
629 2448 811 2509 discernitur.
855 2445 928 2508 Nam
949 2449 1041 2508 ruodo
1066 2464 1148 2526 super

153 2531 400 2590 iullammatiouem
420 2533 509 2592 rubor
530 2531 612 2592 ulcus
635 2532 738 2607 ambit,
763 2534 845 2612 isque
868 2549 932 2592 cum
954 2532 1065 2593 dolore
1087 2545 1146 2612 pre

154 2615 245 2679 cedit:
274 2609 471 2692 ἐρυσίπελας
491 2616 595 2678 Graeci
623 2617 777 2676 nominant.
813 2616 901 2677 blodo
928 2615 1013 2675 ulcus
1039 2619 1147 2693 nigrum

154 2705 214 2772 est,
238 2697 303 2776 quia
325 2715 393 2756 caro
416 2699 478 2774 ejus
502 2709 638 2778 corrupta
659 2709 718 2760 est:
739 2699 826 2778 idque
846 2699 1051 2760 vehementius
1068 2703 1147 2759 etiam

154 2780 348 2860 putrescendo
365 2782 534 2859 intenditur,
550 2783 597 2844 ubi
612 2784 716 2843 vulnus
731 2783 872 2843 humidum
889 2792 949 2861 est,
967 2790 997 2843 et
1013 2801 1055 2844 ex
1069 2785 1171 2860 nigros

154 2864 253 2925 ulcere
274 2864 376 2925 humor
398 2866 523 2945 pallidus
542 2867 647 2944 fertur,
669 2867 794 2945 malique
811 2868 910 2928 odoris
925 2877 986 2935 est:
1011 2883 1148 2928 caruucn·
1186 2855 1187 2934 l

153 2949 256 3028 laeque
285 2959 454 3030 corruptae,
481 2950 621 3011 interdurn
644 2953 729 3011 etiarn
750 2953 834 3010 nervi
851 2969 886 3012 ac
901 2951 1092 3012 membranae
1110 2965 1147 3008 re·
1186 2943 1187 2972 ³

154 3033 317 3100 solennium
347 3034 558 3113 specillumque
583 3034 737 3094 demissum
758 3034 908 3096 descendit
931 3045 981 3096 aut
1009 3039 1040 3095 in
1068 3035 1148 3105 latus,
1185 3063 1187 3142 p

154 3122 201 3171 aut
221 3115 371 3176 deorsum:
396 3134 492 3196 ecqua
515 3119 584 3177 vitio
606 3135 816 3196 nonnumquam
834 3137 867 3178 os
884 3135 1002 3198 quoquc
1017 3119 1147 3179 allicitur.
1185 3145 1187 3186 p

153 3193 239 3255 lllodo
253 3201 342 3259 orltur
357 3218 391 3260 ea
407 3219 490 3280 quarn
508 3200 611 3260 Graeci
627 3194 836 3282 poiyypuwev
851 3203 1012 3282 appellant.
1048 3203 1171 3264 ertone

154 3281 182 3338 iu
200 3279 327 3358 qualibet
343 3285 424 3360 parte
441 3287 575 3363 corporis
590 3285 675 3360 liunt,
698 3286 756 3345 hoc
771 3287 799 3344 in
817 3287 1049 3365 prominentibus
1064 3299 1145 3344 mem·

154 3362 229 3439 bris,
253 3361 281 3422 id
301 3373 347 3422 est
367 3367 440 3426 inter
462 3386 590 3445 ungues,
614 3377 644 3428 et
663 3369 739 3444 alas,
764 3370 811 3429 rel
828 3373 960 3446 inguina3
984 3368 1146 3448 ferequein
1186 3403 1187 3414 ι

154 3446 288 3522 senibus,
306 3447 397 3508 veliu
412 3450 445 3509 iis
461 3467 580 3527 quorum
596 3468 703 3530 corpus
720 3453 786 3512 mali
801 3453 916 3514 labium
934 3463 990 3514 est.
1030 3453 1108 3514 Caro
1123 3453 1146 3510 iu
