2384 3896
377 229 678 281 mmmm
964 215 1025 282 m

12 407 45 470 p.
73 389 142 469 )(.
164 399 187 448 1.
210 395 362 462 cerussae,
391 385 491 462 stibis,
520 387 696 463 singulorum
721 405 749 465 p.
770 386 825 464 )·(.
849 399 884 447 11.
908 403 1026 464 spumas

13 473 147 551 argenti
169 480 271 532 coctae
292 480 321 530 et
341 469 438 531 elotae
461 488 490 549 p.
511 472 572 549 )·(.*
594 485 639 530 1v.
691 471 749 532 Sed
775 487 810 530 aa
852 487 949 548 spuma
990 485 1026 528 ex

14 575 99 636 aqua
122 556 265 635 pluviatili
283 555 428 634 coquitur,
445 564 474 614 et
488 555 566 618 arida
582 555 654 614 haec
669 555 874 614 medicamenta
887 571 923 614 ex
937 554 1031 614 snoco'

13 642 113 717 myrti
141 646 336 701 conternntur.
371 637 511 700 llis'illitu
527 639 637 715 ironte,
658 637 833 716 cataplasma
851 653 964 716 quoque
980 655 1026 696 su·

21 723 271 805 perinjioiendum
293 731 338 782 est
359 740 397 782 ex
416 723 524 798 larina,
555 739 629 801 qnae
652 723 755 800 lrigida
772 739 845 799 aqua
862 729 962 782 coacta
979 720 1026 793 sit,

19 810 138 885 cuique
154 816 200 868 ant
214 809 334 867 acaciae
349 825 470 882 succus,
490 817 537 866 ant
553 824 709 886 cupressus
722 805 835 882 adjecta
848 805 893 864 sit.
917 802 1026 864 Cucur-

20 892 119 952 bitula
137 908 269 969 quoque,
296 893 388 951 inciso
404 893 531 967 vertice,
553 899 634 950 recte
652 889 898 957 accommodatum
927 896 975 947 aut
988 904 1028 947 ex

19 975 211 1052 temporibus
236 975 353 1052 'sanguis
374 977 501 1035 mittitur.
544 974 646 1051 Inungi
667 991 738 1035 vero
762 991 799 1034 eo
820 970 924 1047 debet,
949 969 1027 1050 quud

20 1059 119 1120 babet
132 1075 268 1136 squamae
281 1060 367 1135 aeris,
380 1059 534 1138 papaveris
547 1059 694 1134 lacrimae,
706 1058 883 1135 singulorum
895 1073 925 1133 p.
937 1055 993 1133 )·(.
1003 1067 1026 1112 1.

7 1143 404 1204 ›eervtnteomuseumbustt
416 1153 445 1203 et
460 1144 544 1219 eloti,
570 1141 678 1220 plumbi
690 1141 776 1217 eloti,
793 1141 1026 1218 gummis,singn·

22 1227 124 1286 lorum
142 1227 298 1306 p.)-(.1v.
314 1228 386 1288 turis
402 1245 429 1306 p.
442 1226 497 1306 )·(.
511 1237 571 1286 xrs.
592 1225 656 1285 lloe
671 1226 835 1302 collyrium,
843 1227 907 1304 quia
920 1240 1027 1286 cornus

24 1309 133 1387 babet,
151 1299 207 1370 oud
221 1309 358 1389 κέρατος
373 1315 540 1372 nominatur.
579 1310 822 1387 Quotiescumque
837 1325 895 1368 non
910 1307 1027 1382 adjicio,

25 1394 107 1473 quod
127 1411 222 1470 genus
238 1393 366 1454 humoris
383 1394 573 1471 adjiciendum
589 1396 640 1470 sit,
659 1411 760 1472 aquam
775 1392 896 1468 intelligi
911 1391 992 1451 solo.

90 1479 143 1537 17.
171 1477 216 1537 Ad
238 1477 312 1538 idam
333 1479 499 1557 Euelpidis,
529 1477 606 1556 qnod
630 1471 834 1556 μεμιγμένον
854 1473 1027 1534 nominabat.

7 1560 61 1621 atu
82 1579 121 1621 eo
147 1564 304 1640 papaveris
326 1562 478 1638 lacrimae,
501 1570 531 1620 et
551 1561 609 1620 albi
630 1562 754 1639 piperis,
777 1559 909 1636 singulae
924 1560 1027 1616 unciae

28 1653 116 1722 eunt,
147 1647 253 1722 gummi
274 1644 365 1721 libra,
392 1646 468 1705 aeris
491 1644 632 1705 combusti
658 1663 685 1722 p.
702 1645 758 1722 )·(.
773 1655 795 1702 1.
818 1661 841 1702 s.
879 1642 955 1702 Inter
976 1640 1028 1699 lias

30 1738 126 1788 autem
143 1731 324 1806 curationes,
344 1730 665 1808 postintermissionem
681 1729 819 1806 aliquam,
836 1733 957 1804 prosunt
968 1724 1027 1783 bal·

30 1829 115 1871 neum
143 1820 175 1873 et
195 1814 298 1872 vinum.
335 1814 489 1893 Quumque·
501 1812 631 1872 omnibus
647 1811 833 1890 lippientibus
848 1809 953 1869 vitandi
971 1806 1028 1866 cibi
1111 1849 1124 1859 .

33 1897 104 1973 sint,
122 1898 173 1974 qui
190 1905 359 1966 extenuant;
379 1906 435 1956 tum
452 1899 625 1975 praecipue,
644 1895 745 1974 quibus
760 1897 853 1954 tennis
869 1894 969 1953 lrumnr
981 1890 1028 1950 diu

6 1979 132 2040 ntsrtur.
156 1980 241 2054 Quod
258 1983 282 2040 si
293 1983 353 2056 jam
369 1981 510 2040 fastidium
528 1988 573 2040 est
588 1998 701 2057 corum,
718 1997 791 2058 quas
807 1979 934 2057 pituitam
950 1991 1027 2035 cras·

33 2064 141 2123 siorem
159 2063 297 2140 reddunt,
315 2066 388 2126 sicut
404 2065 432 2124 in
447 2065 504 2124 boc
520 2083 628 2141 genere
643 2065 779 2123 materiae
796 2063 917 2122 maxime
933 2075 1027 2140 prom·

33 2154 90 2205 tum
117 2156 187 2217 est;¹
214 2148 437 2226 confugiendum
464 2158 509 2208 est
535 2147 570 2208 ad
597 2166 652 2223 ea,
681 2163 770 2225 qnae,
801 2147 866 2224 quia
888 2151 1027 2216 ventrem,

37 2245 143 2310 corpus
160 2248 276 2310 quoque
292 2231 479 2310 adstringunt.

99 2315 148 2377 18.
173 2315 213 2374 llt
229 2315 343 2391 ulcera,
362 2318 385 2374 si
403 2333 465 2375 cum
481 2315 699 2376 inflammatione
716 2312 791 2373 flnlta
807 2328 864 2370 non
880 2318 958 2385 sunt,
982 2317 1029 2367 aut

6 2401 308 2474 ²isupercrescentia,
324 2409 371 2460 ant
386 2398 517 2476 sordida,
536 2409 583 2459 aut
596 2416 682 2473 cava,
699 2405 746 2456 ant
758 2404 838 2455 certe
848 2403 948 2453 vetera
963 2407 1029 2451 esse
1083 2419 1086 2426 ·

39 2491 222 2542 consuerunt.
258 2482 304 2542 Ex
324 2483 369 2543 his
385 2484 639 2562 supercrescentia
656 2481 797 2555 collyrio,
821 2478 897 2557 quod
912 2477 1030 2556 μεμιμ·
1092 2549 1094 2556 Ι

37 2559 138 2640 μένον
162 2573 299 2643 vocatur,
321 2568 428 2646 optime
450 2569 649 2645 reprimuntur.
687 2563 810 2624 Sordida
826 2571 983 2640 purgantur
999 2568 1029 2620 et

39 2647 154 2725 eodem,
175 2658 204 2709 et
219 2667 274 2724 eo,
293 2651 370 2728 quod
385 2649 520 2730 σμιλίον
534 2651 714 2711 nominator.-

98 2733 147 2793 19.
180 2733 274 2794 Habet
290 2736 434 2811 aeruginis
454 2752 483 2814 p.
498 2735 553 2814 )·(.
570 2748 615 2794 tv.
635 2730 948 2810 gummistantumdem,
972 2745 1028 2786 am·

11 2816 33 2858 ³⁰
43 2817 178 2893 moniaci,
194 2816 270 2876 minii
284 2819 420 2896 sinopici,
438 2818 615 2895 singulorum
631 2835 659 2896 p.
671 2818 727 2897 )·(.
740 2829 810 2876 xvc
828 2831 901 2892 quae
917 2810 1029 2889 quidam

40 2914 76 2956 ex
90 2916 180 2976 aqua,
199 2901 329 2978 quidam,
345 2901 632 2980 quo'vebementiora
647 2904 716 2976 sint,
736 2917 773 2958 ex
788 2906 871 2957 aceto
887 2901 992 2953 terunt.

99 2983 149 3043 20.
176 2983 207 3044 ld
224 3001 339 3063 qunque
354 2983 517 3064 Euelpidis,
534 2985 611 3063 quod
625 2983 765 3061 χείρονα
781 2977 957 3058 appellabat,
970 2973 1028 3036 buo

42 3065 107 3127 utile
122 3076 183 3126 est:
207 3067 295 3129 Croci
310 3087 338 3148 p.
355 3069 411 3148 )·(.
427 3082 449 3128 1.
465 3069 620 3147 papaveris
636 3067 780 3138 lacrimae,
797 3061 1029 3139 gummissingu·
1119 3103 1122 3110 .

43 3145 129 3224 lorum
147 3170 173 3230 p.
186 3152 241 3230 )·(.
255 3164 289 3212 11.
305 3156 380 3213 aeris
394 3151 534 3212 combusti
546 3160 575 3212 et
587 3151 673 3224 eloti,
690 3147 837 3222 myrrhae,
853 3144 1030 3222 singulorum

16 3234 71 3325 ¹⁵9·
87 3233 141 3311 )·(.
156 3249 203 3296 tv.
228 3238 337 3315 piperis
359 3237 416 3296 albi
437 3255 465 3315 p.
482 3235 537 3314 )·(.
554 3249 601 3295 vt.
638 3232 697 3294 Sed
717 3239 782 3291 ante
803 3231 877 3308 leni,
892 3239 958 3290 tum
974 3227 1031 3287 hoc

46 3319 230 3392 inungendum
248 3327 302 3380 est.

105 3400 153 3460 21.
182 3403 213 3463 ld
230 3421 346 3482 quoque
362 3402 504 3480 eJusdem,
521 3401 597 3481 quod
613 3399 773 3480 σφαιρίον
787 3399 964 3472 nominabat,
981 3410 1030 3453 eo·

47 3477 106 3542 dem
119 3487 210 3549 valet:
244 3487 359 3566 Lapidis
375 3489 534 3550 haematitis
550 3487 619 3548 eloti
636 3505 662 3564 p.
675 3486 729 3566 )·(.
741 3499 764 3546 1.
776 3504 802 3561 a,
819 3483 927 3564 piperis
942 3493 1029 3557 mant
