2444 3904
128 237 133 246 .
170 187 208 249 18
462 197 858 246 conscensumque

227 354 303 414 Ante
324 353 417 412 omnia
436 344 529 412 autem
549 353 623 411 norit
649 353 769 428 quisque
792 359 919 410 naturam
940 349 983 407 sui
1007 347 1155 425 corporis:

168 439 300 515 quoniam
314 437 361 496 alii
376 436 519 512 graciles,
535 436 582 495 alii
596 435 678 494 obesi
694 444 768 510 sunt,
784 434 832 493 alii
847 433 947 508 calidi,
964 430 1012 490 alii
1028 431 1156 506 frigidio

167 539 225 597 res,
243 520 290 580 alii
304 520 426 596 humidi,
448 519 495 579 alii
511 515 686 586 sicoi;'alios
700 518 852 594 adstricta,
874 517 947 576 alios
968 515 1097 575 resoluta
1118 515 1157 574 al·

167 623 220 663 vus
236 612 369 663 exercet:
387 620 454 663 raro
470 604 618 680 quisquam
633 619 690 661 non
702 601 824 679 aliquam
840 609 948 680 partem
962 601 1097 678 corporis
1109 600 1157 658 im·

167 686 301 746 bacillam
315 686 410 746 babet.
444 685 549 745 Tenuis
563 702 634 744 vero
650 684 735 744 bomo
751 684 873 763 implere
887 703 922 744 sc
934 682 1038 760 debet,
1054 683 1157 761 plenus
1171 698 1182 735 a

168 778 340 846 extenuare,
363 770 470 829 calidus
485 769 676 844 refrigerare,
698 768 820 844 frigidus
839 767 1020 843 calefacere,
1041 772 1158 827 madens

168 857 296 929 siccare,
317 856 411 912 siccus
432 852 630 912 madefacere:
654 853 777 930 itemque
800 852 893 911 alvum
914 852 1028 910 firmare
1051 852 1090 926 is,
1115 852 1158 910 cui

167 939 245 1006 fusa;
263 937 380 996 solvere
395 938 435 1011 is,
455 937 500 994 cui
514 936 649 995 adstricta
667 946 725 995 est:
750 935 1029 1013 succurrendumque
1044 953 1159 1012 semper

167 1024 241 1101 parti
256 1022 377 1079 maxime
395 1018 536 1078 laboranti
554 1029 606 1078 est.

228 1103 331 1181 lmplet
341 1111 434 1162 autom
447 1121 554 1180 corpus
565 1102 678 1164 modica
685 1107 866 1180 exercitatio,
878 1104 1057 1182 frequentior
1066 1105 1157 1180 quies,
1168 1114 1188 1154 1⁰

83 1234 85 1244 ,
166 1189 278 1261 unctio,
301 1194 347 1262 et,
370 1188 392 1244 si
407 1196 474 1264 post
489 1187 637 1265 prandium
652 1197 711 1261 est,
731 1187 880 1263 balneum,
903 1196 1050 1247 contracta
1066 1187 1158 1261 aluus,

166 1271 307 1329 modicum
324 1270 416 1345 frigus
433 1269 536 1348 hieme,
554 1289 669 1330 somnus
684 1281 713 1329 et
728 1272 830 1350 plenus
841 1280 870 1331 et
881 1289 938 1330 non
950 1271 1031 1330 nimis
1044 1270 1158 1346 longus,

166 1354 253 1414 molle
269 1352 380 1428 cubile,
397 1355 481 1413 animi
497 1354 651 1431 securitas,
671 1366 795 1416 assumta
814 1374 866 1435 per
881 1354 964 1414 cibos
979 1364 1008 1413 et
1023 1357 1160 1432 potiones

166 1439 286 1498 maxime
303 1435 397 1496 dulcia
412 1447 441 1496 et
457 1440 581 1516 pinguia,
599 1437 679 1497 cibus
694 1449 723 1498 et
731 1441 911 1517 frequentior
922 1448 951 1498 et
965 1447 1086 1515 quantus
1099 1438 1158 1516 ple·

154 1524 297 1580 'missimus
312 1529 409 1598 potest
425 1525 578 1600 concoqui.
613 1522 756 1583 Extenuat
780 1541 886 1601 corpus
909 1540 981 1600 aqna
1003 1522 1114 1598 calida,
1136 1521 1158 1580 si
1168 1533 1188 1572 ¹⁵

167 1608 229 1684 quis
244 1608 273 1664 iu
290 1621 351 1663 eam
367 1604 532 1682 descendit,
548 1607 697 1684 magisque
715 1608 739 1665 si
755 1607 831 1666 salsa
849 1616 908 1674 est;
931 1609 958 1665 in
974 1607 1077 1680 jejuno
1098 1605 1159 1665 bal-

166 1707 258 1764 neum,
273 1691 388 1747 inurens
404 1690 448 1749 sol
461 1699 490 1748 et
500 1691 591 1749 omnis
604 1691 695 1765 calor,
710 1708 788 1766 cura,
800 1691 906 1767 vigilia,
921 1707 1036 1749 somnus
1046 1691 1159 1748 nimium

165 1774 213 1832 vel
230 1773 328 1831 brevis
342 1772 390 1830 vel
408 1772 526 1849 longus;
552 1775 649 1833 durum
672 1773 767 1833 cubile
784 1774 885 1852 (Hipp.
908 1773 955 1833 Dc
971 1773 1031 1832 sul.
1054 1773 1161 1833 diaeta

166 1856 253 1935 §4);
272 1874 387 1932 cursus,
411 1856 496 1915 multa
522 1856 691 1938 ambulatio,
716 1859 866 1936 omnisque
893 1858 1049 1917 vehemens
1075 1875 1159 1916 exer·

167 1943 273 2015 citatio,
293 1939 430 2015 vomitus,
451 1939 589 2016 dejectio,
613 1942 712 2000 acidae
732 1959 781 2000 res
803 1950 832 2000 et
849 1950 998 2016 austerae,
1019 1950 1048 2000 et
1070 1940 1188 2001 semeio

166 2023 212 2082 die
227 2032 419 2098 assumtae,et
432 2026 488 2083 vini
501 2041 559 2082 non
570 2026 739 2104 praefrigidi
753 2027 833 2104 potio
846 2027 948 2100 jejuno
964 2027 993 2084 in
1008 2035 1158 2085 cousuetu-

166 2106 259 2166 dinem
275 2105 405 2166 adducta.

228 2192 320 2265 Quium
335 2208 406 2250 vero
423 2193 497 2251 inter
512 2195 694 2254 extenuantia
710 2196 854 2272 posuerim
873 2195 1007 2253 vomitum
1030 2202 1059 2251 et
1081 2192 1159 2267 deje-

166 2277 304 2350 ctionem,
321 2274 355 2333 de
370 2274 415 2333 his
428 2294 544 2355 quoque
562 2281 680 2356 proprie
697 2279 835 2356 quaedam
850 2276 970 2337 dicenda
987 2285 1060 2336 suut.
1091 2275 1159 2352 Eje
1215 2269 1216 2300 ³

166 2369 240 2418 ctum
256 2377 322 2418 esse
341 2359 376 2418 ab
393 2359 568 2439 Asclepiade
585 2365 720 2422 vomitum
736 2363 765 2420 in
786 2379 821 2420 eo
838 2362 997 2436 volumine,
1020 2360 1097 2437 quod
1112 2360 1188 2420 Dee

165 2443 278 2501 tuenda
302 2443 437 2502 sumitate
458 2447 635 2522 composuit,
664 2445 765 2504 video:
788 2457 885 2521 neque¹
907 2443 1109 2522 reprebendo,
1137 2445 1159 2502 si

166 2526 292 2582 offensus
308 2543 408 2600 eorum
424 2537 468 2585 est
485 2529 701 2602 consuetudine,
719 2527 768 2603 qui
783 2528 910 2605 quotidie
925 2529 1087 2604 ejiciendo,
1110 2546 1159 2588 vo-

165 2606 244 2665 randi
260 2607 424 2665 facultatem
439 2610 600 2667 moliuntur.
645 2609 734 2670 Paulo
756 2612 840 2670 etlam
861 2613 976 2690 longius
996 2614 1159 2690 prooessit:

164 2689 239 2748 idem
255 2691 441 2768 purgationes
462 2709 575 2768 quoque
596 2693 698 2752 eodem
722 2694 865 2755 volumine
887 2698 1005 2775 expulit.
1037 2696 1076 2755 llt
1095 2704 1160 2756 sunt

165 2791 218 2831 eae
237 2774 429 2850 perniciosae,
445 2774 469 2831 si
483 2774 566 2832 nimis
585 2776 746 2837 valentibus
764 2779 977 2840 medicamentis
999 2782 1084 2847 liunt;
1106 2780 1188 2840 sedt⁰

164 2857 237 2915 haec
252 2865 346 2914 tamen
361 2855 555 2917 submovenda
570 2877 653 2935 esse,
674 2879 730 2920 non
745 2873 789 2922 est
804 2875 988 2943 perpetuum;
1010 2867 1076 2943 quia
1094 2882 1158 2924 cor·

164 2957 265 3018 porum
280 2949 497 3018 temporumque
513 2943 584 3000 ratio
602 2953 697 3021 potest
712 2964 745 3005 ea
768 2947 867 3006 facere
889 2951 1070 3024 necessaria,
1094 2949 1159 3008 dum

165 3033 193 3081 et
207 3023 302 3098 modo,
319 3032 348 3081 et
364 3040 420 3081 non
436 3025 489 3082 nisi
505 3044 589 3102 quum
604 3045 677 3105 opus
698 3039 760 3105 est,
781 3031 979 3092 adhibeantur.
1008 3033 1091 3106 Ergo
1106 3033 1158 3092 ille
1215 3089 1216 3096 ,

165 3124 281 3183 qnoque
304 3109 382 3184 ipse,
406 3107 517 3185 siquid
535 3111 594 3182 jam
615 3122 779 3190 corruptum
798 3126 893 3191 esset,
917 3115 1026 3194 expelli
1046 3117 1157 3175 debere
1215 3117 1216 3120 ’

165 3189 315 3248 confessus
329 3200 388 3249 est:
410 3193 448 3250 ita
462 3210 519 3251 non
537 3211 574 3252 ex
586 3203 646 3253 toto
662 3215 709 3255 res
722 3198 934 3259 condemnanda
948 3209 1006 3268 est;
1022 3200 1076 3260 sed
1088 3218 1156 3260 esse
1166 3207 1189 3246 ³⁵

164 3275 226 3348 ejus
240 3274 322 3332 etiam
336 3275 434 3351 plures
447 3293 550 3335 causae
562 3289 696 3354 possunt;
714 3283 815 3358 estque
828 3284 855 3340 ln
867 3301 901 3342 ea
914 3284 1052 3360 quaedam
1067 3283 1156 3362 paulo

164 3356 294 3416 subtilior
310 3357 475 3417 observatio
494 3359 662 3422 adhibenda.

226 3442 355 3502 Vomitus
370 3443 466 3502 utilior
480 3452 525 3502 est
538 3443 640 3524 hieme,
657 3466 739 3524 quam
752 3458 860 3508 aestate
877 3450 932 3528 (ci.
946 3449 1024 3528 Aple.
1038 3451 1088 3526 lV,
1101 3450 1154 3527 4):
