2372 3892
142 159 203 224 298
432 170 466 218 3.
481 169 513 218 3.
530 168 630 218 canat
644 165 838 218 3333333333

142 329 224 390 Prius
240 327 275 387 de
293 324 488 386 communibus
498 325 601 385 dicam.
630 323 745 402 Loquar
755 333 848 383 autem
861 341 939 382 nuno
958 324 1063 403 313113,
1078 346 1146 406 quae

142 410 313 490 scalpellum
328 409 508 470 desiderant:
535 427 597 468 nam
614 425 689 487 quae
705 409 753 468 vel
768 410 861 466 sanari
878 412 1086 487 nonpossint,
1105 412 1145 472 331

142 495 226 556 311333
240 496 338 555 nutriri
356 492 491 568 debeant,
507 490 658 553 dicendum
671 494 741 566 erit,
758 491 839 551 simul
855 492 893 552 ad
908 497 1041 571 species
1056 498 1145 573 singu-

142 581 185 640 las
199 595 320 639 venero.
349 577 488 637 Inciditur
503 585 597 637 autem
613 575 752 636 interdurn
769 577 884 653 inguen,
899 577 1058 637 interdurn
1074 597 1146 638 soro

142 673 207 724 tum.
241 663 273 723 ln
287 671 409 740 atraque
428 662 575 721 curatione
591 657 751 719 homoante
764 659 886 717 triduum
902 660 1016 722 bibere
1034 681 1159 740 aquan;;
1180 687 1182 748 3

142 748 235 828 pridie
251 747 395 807 abstinere
411 748 495 805 etiam
512 765 527 804 a
547 745 614 804 cibo
629 743 731 820 debet,
747 745 813 823 ipso
824 753 920 804 autern
936 745 988 804 die
1006 748 1145 806 collocari

142 834 275 910 supinus:
291 829 410 906 deinde,
426 832 450 889 si
471 831 577 906 inguen
592 828 772 889 incidendum
793 838 855 903 est,
878 829 972 906 idque
992 831 1062 906 J'anr
1079 833 1144 910 pube

143 918 324 991 contegitur,
347 923 412 974 ante
434 913 590 973 radendum
610 922 669 981 est:
687 921 716 972 et
735 921 806 988 tum,
829 921 951 972 extento
979 925 1105 990 scroto,
1123 924 1145 974 nt

144 1002 217 1060 33313
235 1000 359 1074 inguinis
374 999 482 1056 intenta
498 997 550 1072 sit,
574 997 601 1057 id
617 995 796 1056 incidendum
812 995 864 1055 sub
882 999 942 1055 imo
960 1007 1086 1074 ventre,
1100 1017 1143 1078 qua

143 1101 207 1142 cum
232 1081 383 1141 abdomine
410 1083 524 1140 tunicae
554 1081 708 1140 inleriores
731 1083 954 1140 committuntur.
1002 1081 1162 1162 Aperiens

143 1165 208 1224 dum
227 1173 318 1222 autem
335 1163 471 1222 audacter
487 1173 546 1240 est,
572 1165 666 1224 donec
686 1182 793 1224 summa
814 1165 926 1242 tunica,
952 1184 1037 1244 quae
1064 1169 1144 1246 ipsius

143 1249 233 1306 scroti
256 1256 316 1322 est,
344 1247 498 1325 incidatur,
524 1250 766 1328 perveniaturque
789 1249 825 1308 ad
846 1265 927 1326 eam,
959 1269 1046 1329 quae
1061 1253 1144 1311 media

144 1340 198 1390 est.
229 1329 319 1407 Plaga
335 1331 425 1406 laeta,
449 1333 578 1392 lorameu
593 1332 728 1391 deorsum
743 1350 846 1392 versus
861 1333 977 1393 subest.
1008 1336 1045 1395 ln
1063 1337 1091 1396 id
1105 1336 1144 1394 de

143 1415 300 1475 mittendus
319 1424 362 1474 est
384 1415 517 1475 sinistrae
537 1434 637 1476 manus
651 1417 757 1494 digitus
773 1417 876 1494 iudex,
903 1427 934 1477 ut
960 1419 1096 1480 diductis
1112 1421 1142 1478 in·

143 1499 372 1560 tervanientibus
394 1499 612 1576 membranulis,
644 1503 736 1560 sinum
758 1501 845 1560 laxet.
877 1501 1018 1563 Minister
1042 1513 1157 1578 autema

145 1584 260 1644 sinistra
276 1601 358 1642 manu
377 1583 589 1662 comprehenso
614 1593 729 1658 scroto,
758 1602 870 1644 sursum
890 1603 1003 1646 versus
1015 1588 1047 1648 id
1066 1588 1142 1647 debet

145 1667 317 1742 extendere,
335 1677 364 1726 et
380 1685 463 1744 quam
479 1669 601 1726 maxime
614 1668 650 1728 ab
662 1667 826 1744 inguinibus
841 1667 1010 1740 abducere;
1031 1675 1140 1751 primun

146 1769 208 1808 cum
222 1752 288 1828 ipso
303 1751 454 1826 333313313,
470 1751 534 1810 dum
550 1751 679 1812 medicus
696 1769 796 1811 omnes
816 1752 1054 1832 membranulas,
1079 1773 1140 1834 quae

145 1851 235 1910 super
252 1833 373 1894 mediam
389 1836 511 1894 3333133333
534 1845 613 1912 sunt,
642 1837 665 1894 31
686 1835 778 1914 digito
798 1835 938 1897 diducere
958 1856 1023 1897 non
1041 1848 1138 1938 potest,

135 1917 289 1995 ¹stoalpello
301 1917 468 1978 abscindat.
492 1918 636 1979 deinde
612 1937 674 1978 sune
690 1937 743 1994 eo,
767 1928 795 1978 ut
810 1919 836 1976 is
852 1920 1021 2000 delapsus
1012 1926 1073 2002 rpsi
1091 1923 1138 2002 pla
1131 1935 1160 1974 33

146 2019 202 2078 gae
223 2003 376 2078 jungatur,
387 2002 547 2102 digitoque
571 2003 637 2062 inde
657 2011 819 2080 promatur,
844 2013 873 2064 et
894 2023 989 2085 super
1017 2017 1139 2066 ventrem

147 2103 210 2145 cum
227 2085 336 2145 duabus
350 2087 408 2145 3313
424 2087 526 2145 33331313
543 2087 715 2147 collocetur.
737 2087 865 2164 lnde,
834 2107 865 2163 ,su
881 2107 937 2166 qua
950 2091 1066 2151 vitiosa
1077 2099 1138 2165 sunt,

147 2169 376 2230 circumcidenda
392 2178 465 2228 sunt.
499 2169 531 2228 ln
552 2170 655 2249 quibus
678 2187 762 2248 quum
782 2172 889 2231 multae
915 2191 1016 2234 venae
1039 2175 1138 2234 discur-

146 2263 224 2329 rant,
252 2255 398 2313 tenuiores
422 2253 536 2332 quidem
557 2253 686 2332 praecidi
708 2256 839 2333 protinus
854 2266 995 2334 possunt:
1021 2261 1139 2334 majores

145 2353 217 2397 vero
234 2346 299 2397 ante
315 2338 450 2414 longiore
465 2337 523 2396 lino
545 2338 716 2415 deligandae
732 2347 810 2414 sunt,
828 2357 865 2398 ne
889 2341 1065 2416 periculose
1086 2359 1157 2402 33333

146 2425 260 2497 guinem
282 2417 408 2480 landant.
439 2422 488 2480 Sin
511 2423 603 2481 media
629 2423 723 2481 tunica
744 2432 849 2482 vexata
870 2425 942 2501 erit,
967 2435 1021 2485 aut
1044 2427 1098 2486 sub
1112 2443 1138 2484 ea

146 2505 249 2563 malum
271 2506 441 2582 increverit,
466 2507 626 2566 excidenda
648 2506 702 2565 erit
725 2509 786 2583 sic,
809 2516 839 2565 ut
860 2507 919 2566 alte
935 2507 972 2566 ad
993 2511 1091 2589 ipsum
1106 2513 1138 2569 in

147 2603 224 2663 guen
239 2587 430 2664 praecidatur.
460 2589 536 2650 lnira
551 2599 645 2650 tamen
667 2607 724 2650 non
741 2595 800 2650 tbta
819 2591 961 2652 demenda
983 2602 1050 2654 est:
1085 2611 1137 2654 nan

147 2670 222 2749 qnod
239 2671 273 2730 ad
289 2669 379 2729 basim
396 2673 520 2732 testiculi
533 2674 720 2734 vehementer
732 2693 795 2734 cum
807 2677 862 2735 iuna
873 2676 968 2735 tunica
982 2693 1137 2737 connexum
1181 2747 1182 2757 ,

141 2765 206 2834 Ι333,
225 2754 318 2816 excidi
342 2755 404 2814 sine
427 2773 535 2816 summo
560 2758 701 2858 periculo*
711 2775 768 2818 non
785 2767 898 2837 potest:
922 2761 1022 2838 itaque
1044 2761 1084 2821 1131
1098 2779 1134 2820 re·
1140 2780 1156 2820 a
1180 2759 1182 2820 l

147 2840 329 2921 linquendum
345 2849 398 2900 333.
427 2840 529 2901 ldem'
521 2860 549 2900 m
565 2844 619 2902 ima
636 2861 752 2920 quoque
768 2845 872 2918 tunica,
888 2845 912 2901 31
929 2843 1014 2904 13333
1031 2855 1086 2922 333,
1103 2845 1134 2903 la·
1180 2823 1182 2884 1

147 2927 278 2987 ciendum
295 2935 350 2986 est.
380 2925 438 2987 Sed
460 2943 518 2986 non
534 2944 550 2985 a
567 2944 674 2986 summa
690 2926 814 3003 inguinis
833 2926 936 3004 plaga,
953 2945 1057 2988 verum
1072 2893 1133 2988 inm

147 3012 261 3086 paulum
286 3029 321 3070 ea
344 3010 555 3084 abscindenda,
575 3028 612 3069 ne
633 3010 713 3070 laesa
735 3009 893 3069 abdominis
913 3010 1108 3072 membrana
1101 3031 1133 3071 ru·
1181 3021 1182 3026 ’

147 3093 353 3155 llammationes
369 3105 493 3158 moveat.
521 3093 623 3172 Neque
638 3102 732 3154 tamen
747 3094 861 3153 nimium
873 3111 910 3153 ex
925 3111 959 3156 ea
973 3112 1083 3154 sursum
1097 3114 1132 3154 re

147 3174 330 3250 linquendum
352 3190 412 3254 est,
435 3199 471 3240 ne
492 3187 596 3258 postea
618 3180 764 3254 sinuetur,
790 3188 819 3237 et
834 3177 935 3238 sedem
957 3178 1053 3238 eidem
1068 3179 1153 3238 333133

148 3266 287 3337 praestet.
317 3259 457 3336 Purgatus
472 3267 510 3323 ita
526 3263 675 3323 testiculus
691 3280 745 3342 per
760 3263 850 3340 ipsam
873 3261 990 3339 plagam
1014 3281 1076 3322 cum
1093 3281 1130 3322 ue·

148 3342 191 3401 nis
209 3351 238 3400 et
261 3343 375 3400 arteriis
397 3355 425 3403 et
446 3365 537 3406 neruo
554 3364 606 3407 suo
623 3347 727 3406 leniter
743 3345 936 3405 demittendus
953 3354 1015 3415 est:
1045 3347 1129 3406 viden·

149 3425 272 3502 dumque
293 3442 331 3484 ne
352 3430 468 3506 sanguis
487 3433 516 3489 in
538 3439 663 3492 scrotum
684 3429 858 3510 descendat,
883 3445 959 3490 neve
984 3439 1127 3492 concretus
