2392 3906
130 162 171 224 ut
419 173 452 220 u.
470 173 499 222 c.
517 173 616 224 cunm
632 173 827 224 unoucrusc

61 397 64 403 ¹
128 343 249 403 succus,
272 327 319 406 qui
341 329 497 390 conmotis
519 327 615 407 aliquo
635 327 737 389 morbo
758 331 856 389 nervis
876 327 1039 407 opitulatur.
1075 325 1134 388 llis

128 410 260 472 omuibus
280 427 428 472 commune
449 421 508 488 est,
532 412 666 488 digerere
694 412 740 488 id,
773 413 852 492 quod
876 413 924 472 vel
949 411 1134 490 praecordia

128 504 246 571 onerat,
269 496 317 556 uel
338 496 439 556 fauces
459 496 633 572 strangulat,
656 497 703 556 vel
724 499 752 557 in
767 497 863 576 aliquo
879 496 1008 557 membro
1024 505 1132 556 nocet.

127 578 248 654 Quando
264 589 358 639 autem
373 598 490 659 quoque
504 578 637 640 utendum
652 581 705 657 sit,
722 583 751 640 iu
764 583 837 660 ipsis
852 579 1017 642 morborum
1031 597 1132 656 gene-

127 662 206 722 ribus
221 663 342 724 dicetur.
431 667 434 676 '
1146 688 1158 727 ε

454 815 636 876 CAPUT
664 815 806 877 XVIII.

472 932 509 981 lle
519 932 581 984 cibis
593 941 618 982 et
629 933 781 998 potionibus.

187 1087 278 1160 Quum
299 1085 336 1145 de
357 1084 392 1142 iis
415 1082 520 1144 dictum
540 1085 594 1161 sit,
616 1103 690 1163 quae
710 1085 888 1146 detrahendo
901 1087 1019 1161 J'uvant;
1035 1083 1076 1144 ad
1094 1102 1133 1143 ea

126 1168 297 1228 veniendum
310 1177 372 1243 est,
394 1185 468 1245 quae
483 1168 578 1244 alunt,
600 1169 629 1228 id
644 1179 688 1228 est
702 1169 796 1230 cibum
811 1179 840 1228 et
856 1172 1012 1248 potionem.
1040 1167 1133 1228 llaec

126 1262 298 1312 autemnon
319 1252 441 1311 omnium
461 1261 567 1312 tautum
587 1253 766 1330 morborum,
792 1252 845 1313 sed
868 1257 952 1314 etiam
974 1253 1128 1312 secundae
1139 1275 1163 1316 ro

126 1335 296 1396 valetudmis
321 1337 478 1396 communia
507 1337 650 1414 praesidia
678 1347 757 1397 sunt:
784 1341 967 1416 pertinetque
992 1337 1131 1411 adrem,

126 1421 248 1480 omnium
262 1423 457 1499 proprietates
471 1437 575 1490 nosse;
591 1423 711 1499 primum
728 1429 757 1480 ut
774 1423 836 1481 suni
852 1425 960 1499 sciant,
977 1421 1130 1499 quomodo

125 1504 170 1564 bis
184 1513 311 1574 utentum
332 1503 436 1565 deinde
460 1513 490 1563 ut
509 1505 734 1584 exsequentibus
752 1505 836 1565 uobis
855 1505 1020 1567 morborum
1041 1523 1131 1564 curu·

125 1589 236 1664 tiones,
257 1587 345 1658 liceat
360 1589 477 1666 species
492 1607 603 1665 rerum,
625 1607 699 1668 quae
716 1590 906 1650 assumendae
922 1598 1020 1666 erunt,
1034 1588 1129 1664 subji-

127 1689 207 1747 cere,
224 1689 318 1749 nsque
333 1689 458 1732 neccsse
474 1671 510 1730 sit
524 1672 645 1733 subinde
656 1673 784 1749 singulas
800 1692 850 1734 eas
860 1676 1016 1734 nominare.
1038 1674 1127 1732 Scire
1137 1697 1159 1736 rs

19 1757 23 1768 '
125 1756 214 1832 igitur
228 1765 360 1833 oportet,
382 1756 475 1814 omnia
493 1755 654 1838 legumina,
677 1774 808 1834 quaeque
824 1776 862 1816 ex
878 1758 1028 1817 frumentis
1043 1758 1128 1834 purri-

126 1841 191 1899 lioia
207 1848 287 1915 sunt,
304 1841 422 1916 generis
437 1837 625 1899 valentissimi
642 1857 724 1900 esse:
742 1841 965 1901 valentissimum
981 1857 1075 1916 voco,
1099 1842 1131 1900 in

126 1939 183 2002 quo
200 1923 351 2001 plurimum
361 1922 487 1982 alimenti
500 1931 559 1992 εει;
575 1925 643 1982 item
656 1941 740 1983 omne
752 1926 855 1986 animal
867 1924 1033 2005 quadrupes
1047 1924 1128 1985 domi

125 2015 235 2075 mutuum
257 2024 370 2066 onmem
386 2005 525 2084 grandem
541 2008 648 2083 ieram,
667 2009 768 2087 quales
785 2017 850 2068 sunt
871 2027 994 2087 caprea,
1009 2026 1127 2084 cervus,

125 2108 213 2168 aper,
229 2108 355 2168 onager;
377 2109 489 2150 omnem
504 2091 643 2168 grandem
656 2084 763 2169 avem,¹
775 2093 876 2170 quales
892 2102 956 2153 sunt
972 2110 1078 2169 auser,
1098 2101 1158 2152 etan

126 2192 218 2255 pavo,
234 2185 263 2235 et
280 2193 362 2253 grum
388 2193 488 2237 omnes
506 2175 617 2236 belluas
635 2178 774 2252 marinas,
798 2176 949 2255 exquibus
966 2185 1049 2237 cetus
1067 2184 1125 2251 εει,

126 2278 258 2340 quaeque
273 2261 317 2321 his
336 2277 423 2337 pares
440 2269 519 2320 sunt:
536 2261 604 2320 item
616 2260 686 2336 mel,
702 2271 732 2320 et
749 2279 877 2330 caseum:
903 2278 959 2338 quo
970 2265 1063 2320 minus
1074 2262 1125 2320 mi-

125 2363 187 2405 rum
198 2354 252 2419 est,
263 2363 337 2424 opus
351 2346 499 2423 pistorium
510 2345 730 2404 valentissimum
742 2338 820 2418 ess'e,
834 2345 957 2424 quodex
967 2344 1124 2418 lrumento,

126 2428 227 2505 adipe,
247 2428 348 2503 melle,
366 2445 453 2488 caseo
466 2436 592 2495 constan
617 2429 645 2486 in
656 2428 749 2487 media
761 2445 832 2488 vero
848 2430 968 2490 materia
981 2429 1125 2488 numerari

127 2530 164 2570 ex
176 2511 304 2570 oleribus
315 2510 425 2571 debere
436 2529 481 2587 ea,
495 2529 614 2589 quorum
625 2511 750 2586 radices,
763 2511 811 2572 vel
822 2512 927 2574 bulbos
938 2513 1123 2578 assumimus;
1134 2532 1157 2570 as

126 2612 164 2652 ex
180 2593 429 2672 quadrupedibus,
445 2595 588 2671 leporem;
605 2611 676 2654 aves
692 2611 792 2654 omnes
808 2614 825 2656 a
842 2597 965 2658 minimis
982 2594 1019 2656 ad
1033 2595 1125 2675 pboe·

126 2679 322 2753 nicopterum;
351 2679 417 2736 item
442 2677 541 2756 pisces
564 2693 680 2753 omues,
710 2681 759 2756 qui
780 2680 870 2740 salem
892 2699 950 2741 non
971 2682 1126 2759 patiuntur,

126 2759 249 2821 solidive
274 2760 428 2829 saliuntur;
451 2759 705 2822 imbecillissimam
723 2781 794 2824 vero
814 2767 961 2825 materiam
980 2782 1047 2824 esse
1066 2781 1126 2823 om-

127 2863 190 2904 nem
212 2845 325 2905 oaulem
341 2845 447 2920 oleris,
464 2853 493 2902 et
508 2843 644 2924 quidquid
659 2849 687 2905 in
704 2847 786 2908 caule
803 2851 949 2926 nascitur,
969 2848 1063 2928 qualis
1081 2855 1127 2906 est

127 2928 291 3006 cucurbita,
321 2937 350 2987 et
377 2928 521 3003 cucumis,
551 2939 579 2989 et
601 2933 752 3009 capparim
782 2935 876 2994 omnia
897 2950 998 3011 poma,
1021 2931 1157 3006 ·oleas,so

123 3013 276 3089 cochleas,
292 3013 419 3091 itemque
434 3013 598 3087 conchylia.
631 3015 690 3075 Sed
706 3018 835 3094 quamuis
850 3017 925 3077 haec
940 3017 980 3075 ita
994 3016 1125 3076 discreta

126 3097 191 3172 siut,
205 3105 299 3156 tamen
317 3098 412 3174 etiam,
428 3114 501 3175 quae
517 3095 569 3156 sub
585 3099 686 3159 eadem
701 3102 802 3178 specie
818 3110 892 3177 sunt,
908 3099 1123 3176 rnagnadiscri·

125 3181 200 3242 mina
220 3182 376 3258 recipiunt;
400 3181 512 3258 aliaque
536 3199 584 3240 res
600 3183 656 3243 alia
671 3184 720 3243 vel
740 3184 882 3244 ualentior
898 3193 957 3260 est,
982 3183 1031 3244 vel
1046 3183 1123 3242 inbr-

125 3267 206 3324 mior.
238 3263 385 3342 Siquidem
404 3264 471 3344 plus,
483 3263 608 3325 alimenti
624 3275 669 3326 est
684 3269 712 3326 in
728 3285 813 3344 pane,
830 3286 913 3347 quam
929 3268 957 3328 in
974 3267 1034 3328 ullo
1047 3267 1122 3326 alio:
1169 3342 1173 3352 ⁸

126 3349 231 3409 lirmius
246 3357 291 3408 εει
304 3351 442 3425 triticum,
466 3365 550 3427 quam
564 3350 684 3419 milium;
706 3351 734 3410 id
749 3354 857 3429 ipsum,
873 3369 957 3431 quam
971 3350 1122 3423 hordeum,
1133 3366 1156 3408 as

126 3442 156 3493 et
171 3451 208 3494 ex
223 3433 319 3494 tritico
334 3433 496 3494 firmissima
512 3433 610 3513 siligo,
627 3433 731 3496 deinde
746 3435 857 3511 sirnilu,
870 3433 974 3496 deiude
991 3436 1038 3496 cui
1052 3432 1124 3494 nihil
