2384 3896
304 209 460 260 cisun-v.
479 211 553 260 cnr.
570 213 666 262 xxiv.
686 213 764 261 xxv.
992 198 1050 262 183

379 367 403 427 O
415 367 444 426 A
456 367 481 426 P
494 367 523 428 U
534 368 563 428 T
579 368 624 428 ΙΧ
634 368 667 426 Χ
679 369 718 429 V.

456 483 493 534 De
508 483 654 550 Catapotiis

92 659 95 664 -
119 623 149 676 t.
168 614 318 696 Catapotia
331 637 447 700 qnoque
457 621 543 680 multa
559 630 642 698 sunt,
658 622 803 700 variisque
815 621 851 681 de
864 623 959 681 causis
971 623 1049 683 dunt.

50 689 227 762 Ἀνώδυνα
241 713 363 782 vocant,
379 723 454 783 quae
470 721 570 766 somno
588 705 720 766 dolorem
737 707 849 766 levant:
871 705 974 782 qubus
999 710 1048 783 nti,

33 786 109 844 enisi
127 787 211 846 nimia
230 788 390 848 necessitas
406 798 508 867 urget,
526 790 650 850 alienum
666 799 720 850 cst.
758 791 830 850 Sunt
846 791 920 849 enim
942 808 980 848 ex
999 809 1048 849 ve-

56 868 239 930 hemeutibos
252 871 483 950 medicamentis,
507 882 537 934 et
557 873 706 934 stomacho
728 873 839 934 alienis.
882 873 983 932 Potest
1009 883 1049 934 ta-

55 970 121 1010 men
135 954 268 1015 etiamad
285 957 539 1034 concoquendum,
552 958 629 1037 quod
640 957 727 1018 habet
737 957 892 1036 papaveris
902 957 1048 1033 lacrimae,

54 1029 188 1113 galbani,
210 1038 388 1116 singulorum
412 1059 440 1120 p.
463 1043 521 1121 )·(.
543 1055 566 1101 1.
582 1042 730 1117 myrrhae,
755 1041 897 1117 castorei,
926 1041 1048 1119 piperis,

55 1119 235 1196 singulorum
255 1140 283 1199 p.
305 1125 362 1203 )·(.
383 1138 420 1184 11.
441 1124 617 1206 exquibus,
646 1125 722 1203 quod
746 1126 807 1186 ervi
829 1125 1050 1201 magnitudinem

22 1222 45 1262 ro
56 1202 162 1280 hahet,
177 1207 247 1265 satis
266 1216 311 1267 est
326 1207 495 1270 devorasse.

116 1286 147 1347 2.
171 1288 301 1350 Alterum
322 1293 472 1354 stomacho
494 1296 594 1372 pejus,
618 1293 653 1354 ad
676 1310 803 1353 somnum
830 1293 990 1371 valentius,
1013 1312 1050 1352 ex

54 1370 98 1430 his
114 1371 163 1432 lit:
181 1373 390 1453 mandragorae
407 1395 435 1456 p.
450 1378 507 1456 )·(.
528 1397 554 1438 a.
571 1379 629 1456 apii
644 1379 776 1454 seminis,
798 1378 866 1436 item
882 1377 1050 1452 hyoscyami

54 1456 192 1533 seminis,
217 1459 394 1536 singulorum
425 1479 454 1542 p.
480 1462 536 1540 )·(.
562 1475 608 1521 iv.
642 1479 718 1539 quae
745 1479 784 1520 ex
809 1462 876 1520 vino
910 1469 1048 1520 teruntur.

54 1538 147 1600 Unam
165 1551 258 1601 autem
279 1544 409 1620 eiusdem
429 1545 646 1623 magnitudinis,
668 1563 742 1624 qnae
767 1560 853 1623 supra
875 1545 969 1622 posita
993 1553 1060 1620 est,-

26 1637 47 1676 rs
57 1623 171 1684 abunde
189 1635 233 1686 est
249 1629 396 1689 sumsisse·
474 1637 477 1648 '

118 1708 150 1769 3.
174 1710 243 1769 Sive
260 1721 353 1772 autem
376 1715 479 1791 capitis
494 1713 629 1791 dolores,
649 1714 712 1773 sive
736 1712 851 1790 ulcera,
876 1713 940 1772 sive
965 1712 1048 1791 lippi·

56 1791 141 1869 todo,
174 1794 237 1854 sive
259 1797 375 1872 spiritus
396 1797 567 1875 dliiicultas,
587 1801 649 1859 siae
679 1799 875 1858 intestinorum
890 1806 1047 1871 tormenta,

55 1875 117 1935 sive
138 1877 324 1942 inflammatio
349 1881 453 1942 milvae
481 1892 543 1960 est,
575 1884 637 1943 sive
664 1899 755 1958 coxa,
786 1881 847 1940 sive
866 1883 967 1956 jecur,
1001 1888 1049 1938 aut

56 1957 159 2036 lienis,
177 1971 223 2021 aut
235 1962 309 2027 latus
325 1974 457 2044 torquet,
472 1967 533 2026 sire
548 1969 617 2026 vitio
631 1967 761 2028 locorum
773 1964 870 2043 aliquo
888 1963 1050 2042 prolabitur

25 2059 48 2098 ro
59 2051 86 2102 et
100 2043 292 2124 obmutescit,
318 2050 447 2109 occurrit
468 2050 563 2110 dolori
586 2069 639 2129 per
660 2051 786 2128 quietem
808 2049 949 2125 ejusmodi
972 2057 1048 2108 cata·

57 2129 177 2204 potiom.
212 2131 299 2209 Silia,
321 2135 420 2210 acori,
442 2143 523 2194 rutae
548 2135 690 2194 silvestris
712 2133 846 2209 seminis,
870 2131 1049 2209 singulorum

57 2227 84 2288 p.
101 2213 159 2290 )·(.
174 2227 197 2272 1.
216 2217 357 2293 castorei,
381 2218 566 2294 cinnamomi,
588 2218 766 2294 singulorum
785 2215 940 2295 p.)-(.11.
959 2231 1047 2293 papa·

57 2297 133 2354 reris
162 2297 316 2376 lacrimae,
347 2303 464 2378 panacis
493 2302 613 2377 radicis,
648 2300 878 2376 mandragorae,
909 2297 1049 2358 malorum

58 2378 200 2440 aridorum
211 2427 219 2458 ,
230 2385 310 2460 junci
323 2385 435 2445 rotundi
447 2385 546 2461 lloris,
563 2385 739 2461 singolorum
755 2401 782 2462 p.
801 2384 857 2462 )·(.
873 2395 922 2442 111.
939 2381 1049 2460 piperis

28 2478 147 2537 usgrana
164 2479 233 2525 nvi.
268 2466 349 2527 llaec
363 2486 417 2546 per
433 2487 466 2528 se
482 2469 620 2544 contrita,
645 2484 742 2528 rursus
768 2467 904 2526 instillato
915 2464 1049 2526 ‘subinde

23 2561 28 2568 ·
59 2561 145 2620 passo
165 2549 247 2608 simul
264 2552 357 2611 omnia
374 2561 518 2628 teruntur,
539 2553 634 2612 donec
657 2551 819 2612 crassitudo
841 2549 967 2610 sordium
991 2549 1048 2608 ilat.

57 2625 151 2772 1dilates
175 2634 290 2711 paulum
317 2644 365 2695 aut
390 2636 563 2713 devoratur,
589 2645 735 2714 antequa
759 2635 890 2711 diluitur,
917 2644 946 2694 et
970 2635 1049 2712 potui

77 2729 92 2771 a
105 2733 148 2774 ur.

115 2799 145 2858 4.
165 2798 240 2872 Quin
258 2803 343 2862 etiam
359 2803 503 2864 siluestris
518 2805 689 2882 papaveris,
707 2821 793 2884 quum
806 2805 865 2879 jam
883 2803 918 2862 ad
939 2802 1048 2878 excipi·
1166 2803 1171 2812 ·

29 2881 158 2942 mendam
177 2883 325 2946 lacrimam
347 2898 484 2948 mannum
503 2898 563 2964 est,
587 2888 747 2968 manipulus
768 2889 794 2946 in
818 2904 868 2945 vas
884 2885 1048 2958 demittitur,

60 2973 87 3023 et
106 2969 350 3044 superinfunditur
364 2989 455 3050 aqna,
471 2972 596 3051 -quasid
612 2981 764 3048 contegat,
788 2979 875 3048 atque
894 2970 932 3027 ila
951 2967 1049 3044 coqui-

59 3055 111 3107 tor.
136 3049 191 3111 Ubi
202 3054 261 3128 jam
276 3055 351 3115 benc
367 3057 526 3134 manipulus
538 3057 563 3114 is
580 3065 681 3116 coctus
700 3063 759 3130 est,
775 3053 878 3113 ibidem
890 3069 1048 3131 expressus

60 3135 221 3212 projicitur,
240 3147 269 3196 et
286 3141 349 3200 crim
365 3157 402 3200 eo
417 3140 536 3201 humore
555 3157 671 3216 passum
684 3138 746 3217 pari
758 3154 891 3197 mensura
903 3139 1049 3212 miscetur,

60 3216 258 3297 iniervetqoe,
286 3223 381 3284 donec
405 3215 622 3284 crassitudinem
646 3221 772 3282 sordium
794 3221 910 3303 babeat.
956 3219 1050 3294 Quum

31 3298 180 3379 biuirixit,
204 3309 347 3385 catapotia
367 3326 405 3367 ex
421 3323 457 3366 eo
480 3308 550 3366 liunt
572 3306 607 3366 ad
629 3315 747 3366 nostrae
770 3306 856 3366 labae
881 3304 1049 3382 magnitudi-

61 3400 135 3463 nem,
151 3387 315 3468 habeotquc
332 3395 414 3450 usuri
429 3389 627 3468 multiplicem.
657 3389 729 3449 Nam
745 3399 775 3450 et
789 3407 917 3450 somnum
932 3389 1050 3461 iaciunt,

61 3468 104 3529 vel
124 3487 178 3550 per
198 3489 233 3546 se
257 3485 399 3553 assurnta,
419 3474 468 3536 vel
490 3491 528 3534 ex
549 3491 623 3553 aqua
647 3474 729 3536 data:
754 3484 783 3536 et
803 3475 912 3535 aurium
929 3473 1049 3534 dolores
