2372 3892
142 179 204 244 322
250 189 654 241 n.c.cnuauunmc1nun
675 189 745 240 uun.
758 191 817 238 vn.
835 189 911 240 cun.
928 191 1062 239 xxxin.

143 357 206 408 tere
222 346 270 424 (P.
277 347 353 423 Aeg.
369 345 420 422 Vl,
437 345 506 426 84),
521 347 579 406 alie
596 345 665 405 loeo
678 343 745 406 mihi
761 345 866 406 dietum
883 355 928 406 εει
945 347 1005 426 (V,
1016 346 1139 424 neat).

142 431 200 492 Sed
215 431 243 490 id
266 448 383 508 quoque
405 449 468 490 eum
489 430 622 509 periculo
643 447 753 490 summo
776 431 819 499 fia
837 448 901 490 nam
920 449 1018 508 saepe
1036 432 1140 510 inipso

141 533 235 594 opere
257 515 305 574 vel
322 515 492 592 profusione
508 515 672 591 sanguinis,
688 515 736 573 vel
750 515 860 574 animae
885 513 1064 573 detentione
1086 534 1139 574 une

141 598 259 660 riuntur.
299 600 406 659 Verum
430 598 479 658 hie
507 613 623 676 quoque
650 597 721 656 nihil
743 601 885 674 interest,
906 615 944 657 an
965 599 1044 657 satis
1060 608 1140 658 tutan

142 681 315 760 praesidium
335 681 387 756 sit,
412 681 490 760 quod
513 683 626 740 unieum
648 691 703 740 est.
737 681 828 758 Igitur
845 683 920 740 inter
946 700 1053 741 sanan
1069 685 1156 744 vitia-a

142 775 256 844 tamque
273 775 382 845 partem
397 764 548 825 insidenda
564 764 708 843 scalpello
726 783 794 825 aare
809 765 952 843 usquead
973 783 1010 825 οε
1033 776 1081 825 εει
1094 768 1141 842 sie,

143 858 173 908 ut
193 867 287 927 neque
311 857 411 910 neutra
433 849 526 926 ipsum
557 849 706 908 artieulunn
729 849 757 908 id
779 850 844 923 fiat,
861 858 891 908 et
904 851 1006 926 petius
1026 869 1067 909 ex
1081 867 1142 909 sana

142 943 224 1010 parte
239 932 347 1010 aliquid
362 931 527 1008 excidatur,
544 949 628 1010 quam
650 951 688 992 ex
704 949 792 1010 aegra
807 933 1000 1011 relinquatur.
1037 933 1095 994 Uhi
1112 933 1142 992 ai

143 1033 178 1076 os
192 1026 308 1076 ventum
326 1025 382 1092 εει,
400 1015 566 1076 reducenda
587 1016 623 1075 ab
635 1034 672 1076 eo
688 1035 757 1078 sana
774 1035 861 1092 caro,
881 1025 910 1075 et
925 1018 1010 1076 cirea
1030 1034 1068 1076 os
1082 1017 1141 1076 suit

142 1100 267 1159 secanda
287 1108 346 1175 εει,
363 1108 442 1158 ntea
461 1116 578 1177 quoque
591 1109 675 1178 parte
688 1099 795 1178 aliquid
816 1117 851 1159 οε
871 1100 1016 1160 nudetur:
1041 1101 1107 1160 dein
1119 1102 1164 1160 idn

142 1182 253 1242 serrula
273 1182 494 1260 praecidendum
512 1192 567 1258 εει,
583 1201 665 1262 quam
684 1185 816 1262 proxime
839 1201 926 1243 sanae
951 1186 1038 1243 carni
1063 1187 1141 1245 etiarn

141 1265 316 1324 inhaerenti:
344 1284 379 1327 ae
407 1276 464 1326 tum
487 1267 569 1326 frons
595 1270 689 1343 ossis,
711 1285 794 1345 quarn
810 1266 921 1326 serrula
942 1271 1141 1346 exasperavit,

142 1349 281 1408 laetanda
298 1357 358 1425 εει,
377 1367 522 1430 supraque
539 1351 701 1410 inducenda
717 1354 805 1418 entis;
822 1368 897 1429 quae
920 1351 975 1410 suh
999 1353 1143 1428 ejusmodi

143 1434 291 1492 curatione
307 1433 373 1494 laxa
398 1452 464 1494 esse
479 1433 584 1512 debet,
599 1443 629 1494 ut
644 1452 727 1513 quam
743 1436 864 1496 maxime
880 1435 1010 1514 undique
1026 1456 1063 1496 os
1079 1455 1142 1497 enu-

141 1525 231 1592 tegat.
264 1517 328 1591 Quo
345 1519 418 1576 eutis
433 1518 548 1578 inducta
562 1535 620 1578 nen
636 1518 732 1594 fuerit,
747 1518 776 1578 id
791 1513 954 1578 linamentis
970 1522 1030 1578 erit
1049 1531 1163 1581 conte-¹⁶

141 1600 274 1677 gendum,
297 1609 327 1660 ει
353 1619 442 1680 super
468 1601 496 1660 id
520 1603 645 1680 spongia
670 1619 707 1660 ex
730 1609 814 1662 aceto
832 1601 999 1678 deliganda.
1041 1604 1141 1665 Cetera

142 1693 246 1760 postea
270 1685 312 1743 sie
333 1685 483 1760 iacienda,
502 1693 531 1744 ut
552 1685 775 1762 invulneribus,
792 1685 940 1764 inquibus
957 1703 1015 1764 pus
1035 1691 1141 1750 moveri

143 1766 230 1825 debet
244 1767 280 1842 ¹),
297 1776 485 1847 praeceptum
502 1776 547 1828 εει
563 1769 617 1846 (V,
638 1769 687 1845 26,
706 1771 743 1831 16
761 1767 854 1847 sqq.).

141 1891 342 1904 ’m

212 1951 237 2013 l)
256 1951 326 2000 Hane
340 1961 451 2002 veterum
469 1955 589 2004 librarum
604 1955 738 2004 lectionem
754 1955 835 2004 firmat
853 1955 881 2004 P.
896 1957 965 2020 Aeg.
980 1973 1005 2022 p.
1025 1957 1088 2019 338,
1105 1959 1139 2008 aa

141 2019 230 2069 Briau:
249 2018 292 2085 Τῇ
309 2020 440 2090 πυοπειῷ
454 2021 579 2088 χρῆσθαι
595 2021 745 2090 θεραπείᾳ.
