2384 3896
378 219 447 270 uin.
464 219 496 266 v.
514 217 589 268 oue.
610 219 732 270 xxvnr.
989 211 1050 272 205

55 377 191 454 oleoque
211 373 355 434 decoctin':
378 387 499 452 qnorum
520 373 661 450 quidlibet
682 375 811 452 protinus
832 376 994 453 impositum
1016 377 1050 436 ad
1146 410 1148 416 ·

57 461 216 518 sanitatem
232 455 372 536 perducit.
401 457 459 517 Sed
474 456 560 516 dividi
573 473 691 535 quoque
711 459 822 517 curulio
843 467 939 536 potest
955 462 984 518 in
998 477 1050 533 ee,

57 560 139 622 quae
154 541 341 602 mediocriter
359 540 511 600 exedentia
531 543 788 619 reprimentiaque,
812 543 903 620 primo
925 551 955 602 et
968 560 1051 619 pusu-

58 627 106 686 las
125 625 313 707 prohibeant,
328 633 357 685 et
370 641 505 684 summam
520 624 685 702 pelliculam
698 633 887 702 exasperent:
902 625 1005 686 deinde
1018 644 1052 686 ea

35 727 139 788 aquae
160 709 235 768 lenia
256 709 292 768 ad
307 709 456 768 sanitatem
472 707 639 786 perducant.
670 707 716 766 Ex
735 707 879 784 prioribus
902 717 946 768 eat
971 709 1051 768 lenti·
1116 749 1120 756 -

62 793 150 854 culae
171 811 233 852 cunr
256 793 342 852 melle
356 793 463 865 lerina,
486 791 533 850 vel
549 791 662 865 myrrbn
677 807 740 849 cum
755 794 838 866 uino,
856 791 903 852 vel
920 801 998 852 creta
1015 795 1052 852 cl·
1098 828 1104 836 -

61 877 151 937 molis
173 877 327 936 canituris
350 877 460 936 cortice
482 877 602 935 contrita
624 883 653 934 et
672 891 745 952 aqua
768 884 885 948 coacta,
904 884 989 951 atque
1006 876 1052 934 ubi

62 979 138 1020 usus.
149 961 308 1020 necessitas
322 958 436 1036 incidit,
454 967 538 1018 aceto
553 959 654 1018 diluta:
671 975 708 1018 ex
719 957 952 1036 insequentibus,
965 977 1051 1037 quae·

64 1044 136 1104 libet
152 1045 255 1122 lipara;
279 1043 333 1104 sed
345 1043 449 1104 idonea
465 1044 585 1102 maxime
601 1050 661 1117 est,
681 1057 754 1118 qnae
770 1041 817 1100 vel
833 1041 940 1120 plumbi
956 1060 1052 1105 recre-

25 1137 208 1202 romentnm,
231 1127 278 1188 vel
297 1126 414 1188 vitellos
429 1125 524 1186 babet.
554 1127 607 1188 Est
623 1126 707 1185 etiam
725 1124 774 1196 illa
790 1124 956 1184 adustorum
974 1145 1052 1186 onra-

61 1213 121 1286 tIo,
138 1211 202 1272 dnm
218 1211 400 1272 inflammatio
418 1219 478 1286 est,
494 1212 655 1289 impositam
670 1208 778 1269 babere
796 1226 859 1268 cunr
871 1208 957 1270 melle
973 1209 1052 1270 leuti-

61 1294 238 1356 culnm:·ubi
253 1313 287 1356 ea
309 1294 483 1370 declinavit,
498 1295 618 1356 lerinam
636 1309 699 1352 cnm
716 1301 792 1369 ruta,
813 1292 860 1352 vel
885 1308 990 1370 porro,
1007 1294 1053 1353 vel

61 1379 224 1454 marrubio,
242 1380 336 1440 donec
354 1387 468 1442 crustae
487 1379 604 1438 cadant:
626 1386 683 1436 tum
699 1394 796 1436 ervum
813 1393 876 1435 curn
891 1377 991 1451 melle,
1007 1387 1054 1436 aut

61 1465 145 1538 irim,
162 1473 209 1523 aut
224 1467 346 1524 resinam
364 1461 600 1539 terebinthinam,
616 1461 710 1521 donec
725 1459 807 1518 ulcus
820 1476 918 1537 purum
936 1463 987 1520 sit:
1004 1477 1052 1519 no

29 1549 184 1608 rarissime
200 1549 305 1608 siccum
322 1547 511 1606 linamentum.
826 1547 829 1552 ’

340 1825 528 1892 CAPUT
574 1822 787 1888 XXVIII.

63 1970 101 2018 lie
126 1969 290 2018 interioribus
316 1966 456 2028 ulceribus,
483 1978 547 2028 quae
575 1965 661 2052 aliqua
686 1977 819 2030 corporum
844 1972 914 2030 parte
940 1973 1056 2026 corrupta

492 2056 637 2098 nascrmtur.

3 2271 4 2278 ,
131 2218 159 2276 1.
190 2214 236 2278 Ab
259 2215 302 2277 bis
327 2231 401 2293 quae
422 2215 606 2274 extrinsecus
621 2211 763 2287 incidunt,
782 2213 817 2270 ad
836 2227 869 2270 ea
888 2209 1055 2268 ueniendum

3 2357 4 2362 ,
29 2310 220 2378 coest,.quae
236 2301 370 2374 interius,
391 2307 525 2376 corrupta
542 2297 636 2375 aliqua
652 2313 806 2374 corporum
823 2305 920 2374 parte,
936 2298 1055 2350 nascun-

3 2431 4 2450 2
65 2396 132 2444 tun·
154 2385 198 2445 ldr
221 2383 324 2461 quibus
344 2399 401 2442 uon
423 2381 499 2443 aliud
520 2379 695 2441 carbunculo
721 2380 804 2458 peius
826 2387 880 2437 est.
916 2375 987 2452 Ejus
1003 2375 1056 2434 bae

65 2477 155 2529 notae
179 2477 258 2528 sunt:
283 2465 371 2526 rubor
393 2476 455 2542 est,
478 2481 623 2544 superque
646 2481 710 2522 eum
725 2481 782 2522 non
798 2463 910 2522 nlmium
938 2457 1056 2536 pusulae

66 2555 209 2626 eminent,
227 2552 348 2611 maxime
363 2552 480 2626 nigrae,
496 2549 636 2610 interdum
652 2546 828 2622 sublividae,
846 2554 893 2606 ant
915 2543 1055 2624 pallidae;

66 2639 93 2696 in
110 2636 155 2695 bis
171 2636 266 2694 sanies
281 2651 348 2694 esse
369 2634 494 2700 videtum
512 2633 583 2692 inlra
604 2631 687 2692 color
703 2633 787 2708 niger
802 2640 864 2698 est:
883 2632 973 2709 ipsum
996 2645 1056 2687 cor-

32 2738 122 2799 napus
150 2719 258 2780 aridam
278 2727 310 2780 et
329 2719 442 2794 darius,
466 2735 551 2796 quam
571 2713 738 2776 naturaliter
763 2724 896 2794 oportet;
922 2714 1058 2788 circaque

68 2804 152 2881 quasi
169 2811 264 2863 crusta
280 2811 340 2871 est;
361 2819 454 2879 eaque
469 2801 689 2860 inflammatione
705 2801 843 2876 cingitur:
866 2813 959 2874 neque
972 2799 1005 2853 in
1022 2811 1058 2852 ec

67 2889 136 2947 loco
156 2887 246 2948 levari
267 2888 340 2946 ontis
363 2894 474 2964 potest,
496 2885 547 2944 sed
562 2885 692 2944 inieriori
708 2886 785 2945 carni
802 2884 882 2961 quasi
897 2880 983 2940 alliun
999 2886 1057 2941 esa

68 2989 187 3032 somnus
209 2980 307 3046 orgen
334 2986 543 3046 nonnumquam
562 2967 683 3042 borror,
708 2977 755 3025 aut
776 2966 867 3024 iebris
883 2965 990 3036 oritur,
1012 2968 1059 3018 aut

69 3065 229 3133 utrumque.
259 3054 349 3133 ldque
365 3054 462 3113 uitium
477 3052 647 3110 subteractis
663 3053 745 3129 qussi
767 3047 935 3126 quibusdam
957 3044 1058 3105 radici-

34 3140 122 3206 anbus
140 3139 247 3216 serpit,
263 3138 404 3198 interdum
421 3137 559 3210 celerius,
578 3135 716 3194 interdum
732 3133 855 3193 tardius:
879 3147 967 3208 supra
990 3147 1058 3206 qno-

68 3241 125 3302 que
138 3222 303 3300 procedens
315 3221 481 3301 inalbescit;
496 3219 561 3280 dein
573 3217 687 3291 lividum
701 3219 745 3295 iit,
758 3219 922 3294 circumque
936 3217 1059 3290 exiguae

68 3307 191 3386 pusulae
218 3309 359 3369 oriuntur:
378 3314 407 3364 et
418 3306 441 3362 si
454 3306 532 3364 circa
543 3301 720 3361 stomachum
734 3302 872 3362 faucesve
886 3299 997 3373 incidit,
1014 3313 1059 3353 su-

69 3391 130 3450 bito
147 3391 276 3468 spiritum
301 3407 392 3466 saepe
413 3387 500 3448 elidit
526 3385 602 3444 Nihil
625 3387 728 3446 melius
749 3395 808 3461 est,
832 3401 914 3462 quarn
932 3381 1059 3461 protipus

70 3475 203 3535 adurere.
232 3473 334 3551 Neque
356 3473 383 3532 id
399 3489 489 3547 grave
506 3479 564 3529 est:
589 3486 650 3528 nam
674 3489 730 3530 non
751 3469 853 3538 sentin
878 3467 1011 3546 quoniam
1026 3477 1060 3522 en
