2444 3904
104 259 178 308 XXX
430 250 635 301 absortum
658 248 807 298 culmea.
850 323 854 332 ¹

106 418 175 474 idem
188 417 217 471 in
231 417 358 470 sectante
372 413 481 470 denarii
492 411 615 474 babeam,
632 409 721 479 'larga
734 425 793 464 curn
806 407 881 466 lind.
894 433 936 446 -
951 403 987 461 In
1000 418 1054 459 sex
1066 417 1143 474 par-

106 507 159 568 tes,
173 500 202 554 id
218 504 259 554 est
271 513 324 554 sec:
337 501 435 553 namus
451 502 481 551 ut
493 497 562 550 idem
572 496 599 548 in
612 495 695 548 uncia
706 493 814 547 denarii
823 491 937 546 babeam
949 489 1042 560 inepto
1054 485 1143 542 codd.

107 590 135 638 et
152 583 212 638 iere
229 599 324 637 omnes
341 583 403 637 edd.
438 579 514 634 llaud
530 577 613 632 dubie
631 577 657 630 in
675 577 735 632 cod.
753 577 905 652 arclrelypo
926 573 1058 643 scriptum
1081 575 1145 624 eret

107 666 180 721 sieut
203 666 294 729 edidi3
326 667 465 736 interpres
487 660 596 730 quidam
614 665 710 715 contre
731 675 829 714 vocem
847 661 1015 720 sextantem,
1038 656 1068 708 in
1089 667 1145 708 sex

102 754 216 820 partes,
240 749 356 819 margini
378 744 542 815 adscripsit,
562 744 633 798 alius
653 748 742 798 autem
764 742 907 813 ineptius:.
931 743 959 794 in
975 753 1027 793 seu
1042 739 1145 792 aumas

108 839 280 904 ——utraque
298 827 489 901 interpretatio
510 829 537 882 in
557 833 661 881 textum
676 825 806 896 irrepsit,
826 839 974 896 veramque
990 821 1145 878 lectionem

108 916 224 988 expulit.
254 917 369 986 lnsuper
389 911 447 968 vid.
469 928 496 982 p.
514 915 573 979 175,
587 916 631 967 21.
726 914 789 971 166.
806 912 885 967 6-7
908 907 1003 964 dubito
1028 921 1060 960 an
1085 903 1145 958 siut

109 999 184 1056 Celsi
206 999 291 1054 verba
315 1011 383 1066 quos
404 989 573 1066 τροχίσχους
596 994 698 1049 Graeci
715 999 824 1060 uocant,
850 1007 965 1046 necne·
985 989 1048 1044 Vox
1067 987 1144 1041 enim

104 1083 234 1153 pastillus
263 1096 347 1149 saepe
379 1079 452 1149 apud
484 1085 613 1132 auctores
646 1077 755 1132 Latinos
789 1075 871 1132 Celso
903 1073 1074 1144 antiquiores
1107 1085 1143 1125 eo

109 1181 192 1218 sensu
212 1164 362 1233 reperitur.
449 1165 540 1228 167,5
568 1165 597 1214 ut
616 1162 643 1214 in
664 1159 815 1231 hydropico
838 1163 864 1213 et
876 1161 909 1212 ia
930 1158 1024 1212 luteris
1047 1155 1144 1214 dolore

109 1247 208 1316 Terga.
238 1246 315 1300 Duce
332 1261 416 1300 voces
431 1247 459 1298 in
478 1244 644 1314 hydropico,
665 1245 732 1318 licet
748 1243 814 1298 alibi
832 1239 1093 1315 (ex.gr.Vll,15‚
1111 1253 1143 1308 p.

108 1325 348 1400 292,1s)cetsns
365 1345 435 1382 voce
456 1327 623 1406 hydropicus
643 1333 749 1396 utatur,
773 1326 880 1396 Targae
897 1329 1044 1396 suspectae
1060 1325 1142 1383 snut;

110 1429 180 1485 quae
197 1413 273 1468 enim·
287 1417 440 1482 sequuntur
455 1411 545 1466 omnia
565 1412 722 1466 morborum
740 1416 802 1466 sunt
817 1410 941 1478 nomina,
965 1423 1017 1462 non
1037 1419 1146 1474 aegro-A

110 1503 207 1552 torum.
300 1499 361 1564 167,
375 1501 408 1554 29
430 1501 456 1548 et
473 1496 536 1550 lieni
554 1493 738 1562 [abscessibus
759 1499 785 1549 et
803 1499 938 1560 strumae,
961 1489 1143 1562 parulidibus,

109 1581 231 1635 articulis
262 1579 380 1633 calcibus
408 1593 513 1650 quoque
546 1579 762 1648 suppurantibus
793 1584 841 1632 aut
873 1577 952 1630 aliter
981 1573 1141 1640 dolentibus,

109 1666 190 1720 etiam
218 1664 385 1718 concoctioni
410 1664 541 1732 uentrisJ,
570 1663 731 1732 11111-
759 1660 854 1717 Omnia
881 1661 968 1716 verba
994 1657 1073 1713 uncis
1098 1655 1142 1710 iu-

111 1747 187 1801 clusa
209 1747 301 1817 inepta
323 1752 401 1813 sunt,
428 1751 458 1799 ut
485 1745 574 1815 Targa
599 1746 661 1816 ipse
683 1751 775 1815 notet,
804 1751 885 1815 alque
905 1747 1052 1814 praeterea
1075 1739 1141 1794 Cel-

111 1831 189 1885 siano
215 1829 336 1884 sermoni
361 1835 523 1900 repugnant.
561 1827 729 1900 Ubicumque
746 1829 817 1883 enim
833 1828 928 1882 eadem
944 1825 1142 1880 medicamenta

111 1911 263 1982 composita
291 1912 388 1966 Celsus
413 1912 526 1966 exbibet
550 1927 583 1966 ac
603 1911 737 1981 Galenus,
764 1912 891 1968 omittere
916 1911 990 1965 solet
1016 1909 1141 1980 prolixas

111 1987 290 2068 ἐπαγγελίας,
306 2011 376 2066 quae
388 1994 499 2065 saepius
512 1996 583 2066 apdd
595 1997 666 2049 huno
679 2003 818 2052 auctorem
831 1993 1034 2066 descriptiones
1047 2007 1142 2048 eorum

112 2079 252 2137 inchoant.
332 2071 432 2146 ’*168,
450 2079 551 2137 10-11
575 2079 707 2148 sycamini
723 2097 804 2150 pinam
822 2081 893 2134 atius
908 2093 1080 2149 sycomorum
1094 2089 1140 2130 co·

111 2167 188 2230 caut,
205 2162 362 2232 111111-
386 2162 478 2216 Verba
502 2162 580 2216 uncis
601 2163 710 2218 seclusa
726 2164 791 2219 mibi
813 2179 900 2234 aeque
916 2179 950 2218 ac
966 2163 1072 2226 'largae
1094 2175 1141 2213 su-

56 2310 57 2313 ,
111 2251 208 2317 specta
229 2253 307 2315 sunt,
329 2253 356 2301 et
379 2245 443 2317 quia
464 2246 563 2301 desunt
584 2245 665 2301 etiam
686 2248 758 2318 apud
773 2247 904 2302 Galenum
931 2247 995 2302 loeo
1016 2244 1044 2299 iu
1064 2249 1142 2297 textu

108 2329 239 2402 laudato,
263 2337 290 2385 et
312 2331 375 2401 quia
391 2329 591 2408 ¹interpretatio
612 2330 700 2385 minus
722 2337 796 2384 recta
820 2330 940 2385 videtur.
1032 2333 1092 2394 168,
1107 2331 1142 2384 16

111 2417 334 2484 crocomaamaa's
346 2413 433 2484 [quod
442 2416 523 2483 quasi
530 2417 727 2468 recrementum
739 2413 801 2480 ejus
812 2415 874 2481 estJ,
888 2413 986 2481 Targa.
996 2438 1037 2448 -
1048 2408 1141 2463 Verba

111 2494 190 2548 uncis
208 2495 314 2550 inclusa
333 2497 457 2550 addititia
475 2512 540 2550 esse
555 2496 698 2562 videntur,
713 2500 743 2548 ut
759 2495 848 2564 Targa
866 2495 927 2566 ipse
944 2492 1082 2566 probavit.

112 2571 195 2643 *loa
214 2582 243 2632 11
266 2577 338 2646 quod
355 2565 472 2646 inopen
490 2578 591 2630 Graeci
603 2582 712 2643 meant,
732 2577 830 2648 Targa.
848 2607 888 2618 -
913 2578 987 2633 llaec
1003 2577 1087 2632 verba
1105 2591 1141 2630 ex

112 2659 280 2728 glossemate
299 2658 389 2712 addita
406 2658 471 2711 mihi
488 2659 627 2726 videntur,
643 2665 672 2713 et
686 2661 748 2731 quia
767 2677 881 2733 prorsus
898 2661 1017 2730 inutilia,
1034 2659 1140 2729 etquis

112 2741 139 2795 iu
164 2741 224 2795 cod.
247 2746 316 2799 7028
338 2741 540 2795 desiderantur.
580 2740 728 2799 Praeterea
756 2746 903 2800 notandum
931 2751 974 2799 est
1000 2747 1071 2799 hunc
1092 2759 1140 2797 co-

113 2824 202 2881 dicem
221 2822 301 2879 aliam
325 2839 357 2878 ac
384 2829 495 2877 ceteros
521 2840 635 2896 eamque
664 2828 798 2898 aptiorem
822 2829 902 2898 liujus
928 2827 1043 2900 capituli
1069 2825 1141 2881 divi-

112 2907 218 2963 sionem
237 2908 377 2963 exhibero.
413 2906 477 2960 Post
492 2909 592 2965 verba:
613 2909 756 2988 sanaberis
774 2915 861 2984 ipaem
875 2929 929 2967 non
947 2914 1058 2982 auperti
1069 2909 1141 2980 legi-

112 2996 170 3045 tur:
189 3006 275 3062 pares
286 2991 435 3060 portiones.
467 2990 529 3047 Hac
543 3001 632 3048 autem
649 2996 722 3065 quod
735 2997 846 3052 Niconis
862 3003 915 3052 est:
938 2995 1028 3066 faecis
1044 2995 1141 3049 1111111

112 3076 183 3128 aceti
193 3116 199 3128 .
209 3115 216 3128 .
227 3116 232 3129 .
243 3115 248 3127 .
260 3075 325 3128 satis
341 3076 504 3130 ammoniaci
508 3079 687 3132 -cardamomi
700 3076 771 3152 (vox
786 3083 891 3150 sinapis
906 3079 986 3134 deest
1005 3077 1141 3150 111111161-

113 3153 218 3230 lenum)
306 3159 520 3216 contunduntur.
554 3162 659 3216 Revera
684 3164 757 3233 apud
780 3163 909 3219 Galerium
932 3163 995 3217 loeo
1015 3163 1043 3216 in
1065 3167 1139 3216 1111111

112 3239 183 3294 laud.
200 3237 235 3313 (t.
254 3241 332 3312 xltt,
350 3261 378 3314 p.
398 3240 548 3316 sss—344)
564 3245 634 3300 duae
651 3247 840 3302 medicamenti
864 3243 1083 3317 compositiones
1098 3243 1140 3299 in-

112 3323 259 3379 veniuntur
281 3342 351 3396 quae
380 3326 510 3382 divisioni
540 3329 689 3388 dedititii
715 3330 836 3401 apprime
860 3331 1043 3401 respondent:
1075 3329 1139 3384 ideo

112 3422 168 3462 vox
181 3411 291 3463 resinae
301 3405 334 3481 (l.
352 3406 398 3482 13)
410 3425 488 3480 quarn
502 3412 641 3468 abundare
655 3413 743 3481 Targa
759 3413 887 3483 putabat,
905 3419 982 3468 11111
1000 3429 1031 3468 11
1047 3413 1138 3468 babet.

111 3490 259 3550 Lindenius
285 3493 400 3549 eandem
424 3492 503 3562 bojas
529 3494 642 3565 capituli
669 3495 834 3552 divisionem
863 3497 960 3564 babet,
993 3497 1044 3552 sed
1068 3496 1139 3552 unde
