2372 3892
405 221 475 268 turs.
490 221 564 268 vrrr.
584 221 659 270 sae.
674 223 712 270 u.
989 215 1049 280 329

55 389 145 446 runt,
176 372 369 450 magisque'iu
386 376 578 452 posteriorem
601 385 710 454 partem
727 379 902 456 projectum,
929 389 1049 442 teretem

57 455 104 516 ibi
118 457 237 532 ligurem
256 468 479 535 repraesentat..
494 458 600 518 Cetera
619 460 701 537 pedis
716 477 784 521 ossa
801 463 836 524 ad
851 482 959 540 eorum,
977 483 1049 543 quae

58 543 93 599 in
110 558 196 598 manu
211 549 285 614 suut,
302 541 510 602 similitudinem
526 550 633 602 structa
649 553 728 604 suut:
748 546 844 625 planta
867 547 996 627 palmae,
1010 549 1048 612 tt-

59 624 120 700 giti
135 624 244 702 digitis,
262 642 372 702 ungues
386 625 531 702 unguibus
546 627 733 706 respondent.

28 871 44 910 ε
410 863 694 942 ¹curuum.

121 975 183 1026 Ossa
202 976 288 1026 uitiata
305 983 330 1027 ει
346 987 462 1044 corrupte
479 980 570 1042 quibus
584 981 665 1045 signis
685 987 884 1046 cognoscantur,
908 991 932 1032 et
952 999 1000 1046 qua

440 1066 536 1115 ratione
554 1075 678 1116 curentur.

98 1245 103 1255 ·
132 1212 222 1273 Omne
245 1222 337 1274 autem
361 1233 406 1293 os,
427 1215 475 1276 ubi
496 1216 596 1292 iniuria
618 1218 760 1294 accessit,
783 1218 973 1295 autvitiatur,
1003 1229 1051 1279 eut

62 1297 196 1373 linditur,
222 1307 269 1357 aut
283 1299 437 1377 frangitur,
465 1309 512 1360 eut
526 1301 646 1376 iuratur,
675 1311 721 1360 arrt
737 1302 892 1376 colliditur,
919 1309 965 1361 aut
981 1303 1049 1363 loeo

20 1389 210 1440 removetur.
245 1381 292 1457 ld,
309 1383 384 1461 quod
401 1385 525 1443 vitiatum
541 1393 601 1460 est,
619 1386 709 1464 primo
724 1385 787 1444 lere
809 1387 914 1461 pingue
932 1387 974 1452 tit:
1000 1386 1049 1446 dc·

63 1465 136 1524 inde
156 1465 204 1524 vel
226 1467 351 1543 nigrum,
369 1467 415 1526 vel
439 1468 594 1527 cariosum:
621 1485 709 1546 quae,
730 1472 890 1546 supernatis
912 1469 1050 1546 gravibus

14 1589 17 1594 -
63 1547 216 1608 ulceribus
237 1559 283 1608 aut
308 1550 427 1626 fistulis,
446 1550 549 1630 hisque
567 1550 615 1610 vcl
628 1552 714 1627 longa
733 1561 885 1627 vetustate,
903 1552 1050 1613 ueletiam

66 1649 178 1693 cancro
194 1635 359 1712 occupatis,
381 1636 524 1694 eveniunt.
563 1634 685 1713 Oportet
702 1645 801 1698 ,autem
818 1645 884 1694 ante
907 1638 1001 1696 omnia
1016 1654 1050 1695 os

65 1717 196 1792 nudare,
224 1717 324 1777 ulcere
347 1719 462 1784 eniam
489 1728 533 1793 et,
559 1719 583 1777 si
597 1719 680 1778 latius
697 1728 741 1778 εει
758 1719 820 1793 eJns
836 1719 943 1796 uitium,
966 1722 1050 1797 quam

26 1801 154 1860 raulcus
174 1800 242 1874 luit,
265 1817 380 1861 carnem
401 1801 575 1879 subsecare,
599 1802 692 1862 donec
707 1802 830 1880 undiquc
858 1819 890 1862 os
907 1804 1050 1879 integrum

66 1893 182 1964 pateam
204 1895 261 1944 turn
285 1885 328 1963 ld,
350 1885 426 1964 quod
446 1887 553 1964 pingue
576 1895 638 1958 est,
660 1886 750 1947 semel
764 1889 903 1946 iterumve
923 1888 990 1946 satis
1006 1895 1051 1945 est

66 1969 185 2028 admoto
201 1969 373 2029 ferramento
390 1969 522 2046 adurere,
546 1979 573 2029 ut
593 1987 681 2030 exeo
707 1987 823 2048 squama
847 1970 980 2038 secedam
1003 1979 1051 2029 aut

66 2052 185 2128 radere,
204 2053 297 2112 dcccc
318 2053 378 2128 jam
400 2052 505 2131 aliquid
529 2055 640 2113 cruoris
655 2053 837 2127 ostendatur,
857 2070 930 2130 quae
947 2055 1050 2128 integri

69 2137 148 2196 ossis
164 2145 229 2196 uota
245 2145 300 2196 est.
336 2137 407 2197 Nam
423 2153 546 2196 necesse
561 2145 606 2196 est
626 2136 733 2196 aridum
754 2137 790 2193 sit
807 2136 851 2210 id,
876 2135 951 2213 quod
974 2136 1050 2194 vitia·

27 2229 130 2280 actum
147 2228 199 2278 cst.
229 2219 307 2280 Idem
329 2223 356 2280 in
385 2220 553 2296 cartilagine
583 2237 697 2298 quoque
714 2220 793 2278 laesa
813 2219 973 2278 faciendum
990 2228 1049 2276 cst:

69 2303 209 2380 siquidem
225 2321 259 2362 ea
276 2321 392 2382 quoque
408 2304 550 2382 scalpello
565 2303 697 2384 radenda
712 2311 771 2378 est,
794 2301 887 2360 donec
909 2303 1050 2377 integrum

68 2386 100 2446 id
116 2386 167 2460 sit,
183 2387 260 2464 quod
275 2388 452 2464 relinquitur.
483 2387 605 2463 Deinde,
622 2388 682 2446 sive
701 2402 734 2445 os
749 2386 812 2444 siue
831 2384 970 2460 cartilago
985 2399 1051 2442 rasa

69 2478 134 2543 εει,
150 2470 312 2545 nitrobene
331 2473 397 2530 trito
413 2469 613 2549 respergenda
629 2479 681 2530 εει.
712 2469 815 2547 Neque
841 2467 896 2528 alia
919 2466 1051 2526 iacienda

69 2561 151 2627 sunt,
174 2552 221 2612 ubi
238 2556 347 2628 caries,
375 2556 543 2630 nigritiesve
563 2555 590 2612 in
611 2570 719 2612 summo
734 2570 802 2612 csse
818 2561 880 2611 est:
911 2549 1050 2629 siquidem

29 2659 58 2700 τε
72 2635 102 2696 id
123 2636 168 2694 uel
197 2637 283 2714 paulo
305 2637 407 2696 diutius
429 2637 531 2698 eodem
550 2638 724 2697 ferramento
746 2635 930 2711 adurendum,
944 2634 991 2712 vel
1007 2652 1051 2693 ra·
1107 2631 1115 2636 ”
1148 2704 1152 2712 ¹

71 2718 194 2780 dendum
212 2729 267 2778 εει.
300 2721 355 2795 Qui
369 2720 443 2780 radit
459 2722 543 2797 haec,
562 2720 697 2781 audacter
712 2721 875 2798 imprimere
895 2719 1051 2779 ferramen·
1095 2719 1099 2728 ‘

70 2812 131 2861 turn
143 2802 245 2880 debet,
263 2813 291 2863 ut
309 2813 337 2863 et
353 2814 420 2880 agat
436 2804 554 2883 aliquid,
572 2813 600 2864 ει
615 2806 751 2864 maturius
766 2803 888 2862 desinat.
904 2802 982 2861 Finis
998 2809 1050 2875 est,

71 2903 158 2964 quum
175 2885 223 2945 uel
236 2886 276 2962 ,ad
302 2887 394 2947 album
417 2888 535 2968 os,¹rel
558 2888 593 2948 ad
614 2887 735 2948 solidum
752 2894 866 2944 ventum
891 2892 944 2942 εει.
974 2882 1050 2941 Albo

45 3023 53 3036 .
71 2971 146 3030 liniri
172 2987 209 3028 ex
233 2972 347 3047 nigritie
367 2971 479 3046 uitium,
500 2971 646 3030 soliditate
670 2969 789 3047 quadarn
813 2985 849 3027 ex
862 2967 950 3042 carie,
965 2966 1051 3024 mani·

32 3055 176 3114 salestam
195 3063 248 3114 εει.
276 3053 428 3114 Accedere
452 3056 536 3112 etiam
562 3054 672 3113 cruoris
695 3050 801 3129 aliquid
829 3051 943 3125 integro
965 3065 1051 3126 supra

70 3137 247 3198 dictumest.
277 3139 307 3197 st
326 3137 437 3216 quando
455 3145 547 3196 autem
562 3155 597 3195 an
615 3136 698 3195 altius
719 3133 904 3194 descenderit
926 3132 1051 3192 utrumli-

70 3221 122 3282 bet
141 3221 253 3280 dubium
270 3229 330 3297 est,
349 3223 377 3279 in
392 3221 470 3281 carie
491 3218 604 3296 quidem
617 3218 749 3294 expedita
763 3218 891 3294 cognitio
908 3225 961 3276 est.
979 3217 1052 3294 Spe·

72 3304 169 3364 cillum
185 3312 270 3363 tenue
287 3306 315 3364 in
330 3304 468 3364 foramina
483 3302 653 3362 demittitur:
667 3300 742 3379 quod
758 3303 848 3376 magis
865 3303 994 3360 minusve
1011 3301 1051 3358 in·

70 3388 191 3463 trando,
207 3388 254 3447 vel
274 3390 301 3447 in
318 3405 425 3448 summo
448 3387 553 3446 cariem
567 3403 650 3458 esse,
676 3383 724 3444 vel
746 3383 829 3442 altius
854 3383 1051 3452 descendisse,

31 3497 61 3541 ns
73 3481 204 3534 testatur.
233 3470 370 3551 Nigrities
387 3471 486 3547 colligi
504 3468 617 3548 quidem
633 3476 730 3547 potest
746 3467 833 3529 ctiam
847 3485 884 3528 ex
900 3466 1001 3526 dolore
1025 3471 1053 3520 ει
