2396 3904
139 176 200 240 att
422 187 455 234 n.
472 187 502 234 c.
523 187 622 234 cuns}
636 185 832 234 uunncnnnu

137 359 172 401 ea
189 341 299 402 cnmtto
314 340 349 400 ad
363 339 615 420 quadragesimum
634 340 709 400 diem
723 339 886 418 perveniet.
916 334 1011 412 Quod
1039 340 1066 396 si
1082 355 1137 398 me·

137 433 183 484 tua
197 427 252 484 enit
267 426 490 504 suppurationis,
505 424 570 503 plus
584 425 734 500 malagma,
750 439 835 500 quam
847 431 981 482 cenatum
1000 421 1041 481 ad
1061 421 1139 500 lige

136 508 255 568 rendum
271 509 411 586 pnodciet.
440 509 472 568 Si
494 510 662 586 suppuratio
677 509 796 584 vicerit,
813 524 908 584 neque
923 523 980 584 per
994 523 1076 583 quoe
1097 525 1139 566 sn·

139 609 189 670 pra
205 593 312 671 scripta
331 600 412 667 sunt,
435 591 538 652 discuti
556 593 690 670 p‘ctuenit;
713 593 810 654 omnis,
827 607 909 649 mona
933 589 1058 648 vitanda
1073 593 1137 664 enit,

137 693 174 734 ne
191 693 226 735 os
240 675 314 736 inlna
329 675 455 734 vitietur:
473 675 536 750 sed,
556 693 611 753 qua
630 684 713 753 parte
732 675 854 734 manime
875 671 1021 747 tumebit,
1040 673 1155 736 demite

138 759 255 819 tendunt
267 761 321 818 erit
336 758 463 819 candens
476 759 696 835 ferramentum,
721 758 815 818 donec
829 756 866 817 nd
883 775 940 836 pus
964 759 1135 836 perveniat:

137 841 224 920 idque
241 841 449 902 effundendum.
478 843 509 901 Si
527 859 665 920 nusquam
685 850 771 919 caput
785 860 818 902 se
835 840 989 915 ostendet,
1015 840 1070 899 uhi
1082 857 1136 900 ma·

136 928 213 985 xime
228 944 282 1004 pus
297 925 389 985 subsit
405 926 449 985 sic
465 925 677 1002 intelligemus:
696 933 774 985 creta
791 925 906 984 cimolia
919 933 1020 982 totum
1043 925 1135 986 locum

136 1009 298 1084 illinemus,
323 1017 352 1067 et
374 1009 478 1067 siccari
504 1010 659 1086 patiemur:
680 1025 737 1086 quo
761 1007 829 1068 loco
844 1009 971 1067 manime
987 1007 1135 1067 hemerin

137 1108 172 1149 ea
188 1090 404 1169 perseverabit,
426 1089 466 1150 ibi
478 1109 533 1170 pus
553 1092 713 1170 proximum
734 1093 804 1160 enit;
819 1095 917 1169 'eoque
934 1093 978 1151 uni
1003 1090 1160 1150 debebitn

136 1175 166 1232 st
181 1173 264 1232 iatius
282 1173 388 1250 aliquid
403 1173 560 1249 abscedet,
578 1174 690 1234 duobus
705 1183 753 1234 aut
764 1174 854 1234 tribus
870 1175 946 1234 locis
962 1177 1022 1234 enit
1038 1174 1136 1254 penio

135 1255 267 1323 randum;
284 1255 545 1336 demittendumque
561 1258 760 1334 linamentum,
786 1267 834 1318 aut
855 1257 965 1335 aliquid
987 1275 1031 1316 ex
1058 1258 1134 1336 peni

136 1339 221 1415 cillo,
242 1340 318 1418 quod
339 1355 475 1400 summum
499 1341 559 1401 lino
573 1344 611 1400 sit
628 1340 806 1418 devinctum,
828 1341 960 1402 utlacile
981 1341 1134 1400 educatur.

135 1422 258 1500 Reliqua
273 1423 383 1498 eadem,
401 1441 475 1501 quae
490 1425 519 1482 in
534 1425 641 1483 cetenis
657 1423 782 1500 adustis,
810 1423 942 1484 iacienda
967 1434 1047 1484 sunt.
1081 1423 1135 1485 Ulti

135 1524 235 1585 purum
253 1509 307 1566 enit
321 1506 419 1581 ulcus,
434 1507 472 1565 ali
489 1523 597 1586 corpus
612 1506 786 1584 delabique
798 1507 892 1581 tultus,
909 1509 1159 1587 perniciossime

135 1597 207 1664 tuna,
226 1591 253 1650 id
270 1589 371 1650 malum
388 1588 589 1668 subsequatur.
604 1589 824 1669 Nonnumquam
836 1592 932 1667 etiam,
951 1591 1054 1651 levius
1071 1595 1135 1670 ipso

136 1689 204 1731 usse
220 1674 342 1746 allecto,
362 1681 391 1732 et
411 1673 485 1731 inter
509 1673 587 1732 initia
609 1674 765 1750 neglecto,
786 1692 843 1734 uon
857 1691 928 1752 pus,
953 1674 1009 1734 sed
1035 1675 1135 1734 humor

136 1755 249 1832 quidam
265 1757 355 1815 mucis
377 1755 477 1814 similis
497 1756 572 1815 intus
595 1759 670 1824 coit;
694 1757 900 1835 mollescitque
921 1760 1133 1818 contraeatis:

133 1838 163 1894 ⁵⁰
177 1854 232 1980 ‘¹3⁰
245 1837 833 2003 tilltz‘lltdltltillidi·
847 1841 1010 1984 illiti·
1024 1842 1158 1984 dall„

220 1964 227 1978 .
578 1965 586 1994 ,
984 1969 991 1984 .

135 2002 174 2077 id,
191 2004 268 2080 quod
284 2022 320 2062 ex
336 2003 471 2064 vertebra
488 2003 620 2080 excudit,
636 2006 735 2084 aliquo
752 2007 840 2068 modo
862 2007 987 2068 inactum
1004 2017 1073 2084 est,
1094 2008 1131 2068 lu

136 2104 187 2146 cus
204 2087 316 2164 quidem
334 2105 482 2146 concavus
499 2089 544 2155 lit;
561 2091 736 2166 punctiones
744 2100 839 2151 autem
854 2094 882 2150 in
897 2109 934 2150 eo
952 2094 1131 2158 sentiuntun;

135 2170 200 2248 quia
222 2187 352 2240 necesse,
364 2178 409 2230 est
421 2188 456 2229 ea
468 2170 628 2247 fragmenta
641 2175 760 2250 spinosa
776 2191 853 2250 esse,
870 2192 928 2253 quo
943 2174 985 2250 ut,
1001 2184 1033 2234 ut
1048 2175 1132 2236 nono

134 2255 162 2310 in
179 2255 351 2314 anteriorem
374 2261 483 2332 partem
507 2253 629 2318 subinde
650 2257 763 2316 nitatur.
799 2257 881 2318 Haec
901 2258 1078 2318 noscendae
1092 2259 1131 2318 rei

32 2351 36 2357 ·
96 2343 103 2350 '
136 2352 222 2395 cansa
237 2347 310 2396 sunt.
330 2336 557 2407 ,medicamentis
572 2354 644 2397 vero
662 2339 763 2401 iisdem
781 2357 857 2420 opus
872 2351 929 2418 est,
945 2359 1023 2420 quae
1042 2345 1156 2422 primatu

137 2428 218 2494 parte
233 2417 315 2495 ltuJus
331 2421 434 2498 capitis
450 2420 584 2499 exposita
599 2431 674 2512 supt.

500 2657 682 2720 CAPUT
717 2662 760 2722 X.

202 2771 238 2821 De
256 2770 432 2834 humerorum,
450 2771 625 2839 brachiorum,
643 2775 779 2837 lemurum,
794 2791 910 2841 crurum,
929 2778 1073 2844 digitorum
1192 2799 1194 2826 t

483 2857 619 2910 fractorum
640 2864 776 2912 curatione.

196 3007 228 3063 1.·
247 3007 362 3067 Similes
382 3027 481 3068 sursus
503 3027 541 3068 ex
560 3027 663 3088 magna
691 3023 772 3091 parte
800 3031 885 3074 casus
903 3017 1152 3096 curationesqueto
1193 3085 1194 3088 Ἴ

136 3095 199 3143 sunt
215 3087 324 3148 humeri
342 3100 371 3150 et
388 3092 521 3153 iemcris:
546 3097 704 3155 communia
721 3099 803 3157 etiam
824 3099 966 3176 quaedam
990 3099 1125 3176 humenis,
1193 3099 1194 3108 ’

135 3164 275 3243 brachiis,
294 3173 459 3249 femiuibus,
484 3177 630 3254 cruribus,
653 3178 760 3256 digitis.
792 3183 940 3259 Siquidem
963 3201 1000 3243 ca
1016 3185 1125 3243 minime
1152 3213 1154 3218 v

135 3250 301 3348 periculose
317 3255 407 3314 media
424 3260 606 3337 tranguntur:
623 3279 680 3341 quo
698 3267 819 3344 propior
834 3265 961 3327 lnacturu
978 3270 1066 3347 capiti
1080 3267 1124 3326 vel

136 3349 277 3411 supernum
292 3335 339 3394 vel
356 3338 484 3400 iulenioni
503 3354 563 3419 est,
580 3363 617 3404 co
633 3347 719 3424 pejm
732 3358 791 3408 est:
814 3367 878 3408 num
892 3360 921 3410 et
933 3353 1062 3427 majores
1077 3348 1122 3410 do·

136 3415 215 3478 lones
229 3415 337 3496 adlert,
354 3429 382 3480 et
397 3421 542 3486 difficilius
558 3437 681 3489 curatur.
703 3430 747 3492 Ea
763 3435 885 3496 maxime
903 3434 1066 3496 tolerabilis
1081 3441 1148 3494 ests
1193 3459 1194 3502 t

1191 3781 1194 3859 l
