2392 3906
386 218 454 264 nra.
472 218 518 264 ιιι.
540 217 730 266 cun.x.x1.
995 206 1052 268 133

62 373 140 446 ceri,
157 377 187 429 et
202 378 305 449 pectus
320 370 366 430 diu
383 370 560 449 perfricare:
584 381 652 450 post
666 372 739 432 baec
753 389 836 450 quarn
849 375 1052 452 pinguissimae

60 457 132 514 licus
148 456 246 522 uncias
261 462 320 514 tres
337 471 425 532 super
441 471 559 532 prunam
574 456 718 532 incoctas,
734 473 810 516 esse.
838 457 957 518 Praeter
971 458 1053 535 haec,

62 540 85 598 si
101 538 216 599 humida
232 546 295 615 eet,
316 546 439 616 prosunt
454 537 605 598 frictiones
618 539 731 599 validae
746 557 808 598 cum
823 539 991 618 quibusdam
1007 558 1053 602 oa·

59 620 279 698 leiacientibus,
301 622 344 680 sic
365 630 397 680 ut
416 628 501 699 caput
522 639 638 700 quoque
653 623 734 682 simul
750 624 938 684 vehementer
952 627 1053 704 periri·

39 712 158 764 tuetur:
182 706 249 764 item
271 703 468 764 cucurbitulae
490 707 603 783 pectori
623 706 770 775 admotae;
800 709 891 785 sinapi
913 725 951 767 ex
972 719 1053 786 parte

60 790 208 848 exteriore
223 788 355 849 lancibus
369 790 547 866 impositum,
564 789 658 848 donec
671 791 775 850 leviter
787 791 951 860 exulceret;
973 795 1054 870 potio

62 891 98 932 ex
111 881 226 947 menta,
245 872 424 950 nucibusque
438 873 553 949 maccio
568 881 597 932 et
612 874 722 948 amylo;
746 876 1053 952 primoque-assumtus

62 957 142 1035 panis
167 957 279 1032 aridus,
301 956 405 1017 deinde
428 956 533 1034 aliquis
554 956 636 1016 cibus
658 958 740 1017 lenis.
776 957 815 1017 At
832 959 856 1016 si
873 959 952 1018 sicca
967 961 1054 1017 tussis

62 1049 123 1116 est,
153 1059 239 1119 quum
264 1057 299 1100 ea
326 1040 580 1099 vehementissime
600 1049 701 1117 urget,
733 1041 849 1116 adjuvat
869 1043 925 1100 vini
948 1044 1054 1102 austeri

31 1141 54 1182 ao
63 1123 181 1198 cyathus
201 1133 360 1198 assumtus,
383 1123 447 1183 durn
468 1142 505 1183 ne
526 1123 648 1201 amplius
668 1123 714 1199 id,
736 1125 908 1203 interposito
923 1135 1054 1204 tempore

61 1208 172 1286 aliquo,
196 1225 280 1288 quern
300 1216 345 1267 tor
366 1217 413 1266 out
435 1216 538 1285 quater
559 1207 621 1267 liat:
649 1209 715 1266 item
736 1208 839 1268 laseris
856 1226 940 1287 quarn
956 1209 1054 1287 optirni

62 1292 173 1370 paulum
196 1292 340 1362 devorare
359 1307 432 1369 opus
456 1300 512 1359 est;
536 1292 616 1368 porri
631 1291 678 1350 vel
694 1291 828 1352 marrubii
843 1309 959 1352 succum
974 1309 1054 1351 assu·
1141 1322 1149 1336 ·

62 1393 154 1444 mere;
178 1374 290 1435 scillam
307 1374 473 1450 delinque:
497 1383 609 1434 acetum
624 1392 662 1434 ox
677 1391 728 1450 ea,
745 1375 792 1434 vel
810 1383 895 1434 certe
909 1393 977 1435 ecre
993 1393 1053 1434 sor·

62 1457 147 1534 bere,
170 1467 220 1518 aut
243 1475 306 1519 cum
327 1459 408 1537 spice
433 1457 492 1517 allii
510 1459 624 1516 contriti
639 1457 784 1517 duosvini
802 1458 932 1532 cyathos.
969 1459 1054 1519 Utilis

34 1543 144 1602 uetiam
159 1543 188 1601 in
206 1543 283 1614 prnni
299 1543 368 1602 tussi
386 1549 431 1600 est
446 1541 653 1619 peregrinatio,
669 1542 815 1617 navigatio
831 1541 918 1618 longa
936 1542 990 1619 (ci.
1004 1541 1054 1617 111,

64 1625 135 1704 tt),
156 1626 226 1687 looa
244 1626 399 1702 maritima,
419 1626 596 1684 natationes:
627 1624 707 1684 cibus
729 1623 868 1683 interdum
890 1625 1001 1700 mollis,
1025 1634 1055 1684 ut

64 1711 170 1786 malva,
190 1718 222 1770 ut
241 1710 348 1778 urtica;
370 1707 511 1768 interdum
532 1725 616 1784 acer,
639 1717 669 1767 ut
693 1707 738 1767 lac
761 1726 824 1768 curn
840 1708 907 1767 allio
926 1719 1053 1772 coctum:

65 1792 238 1854 sorbitiones
253 1791 357 1869 quibus
376 1792 454 1852 laser
475 1794 512 1852 eit
534 1791 694 1868 adjectum,
717 1799 764 1851 aut
779 1790 922 1870 inquibus
939 1810 1055 1871 porrum

67 1879 205 1938 incoctum
223 1875 361 1946 tabuerit;
377 1893 463 1936 ovum
478 1875 588 1936 sorbile
605 1875 743 1953 sulphure
756 1875 886 1950 adjectu
904 1878 983 1954 potui
998 1877 1054 1955 pri-

37 1975 136 2025 stmum
149 1977 225 2041 aqua
233 1959 337 2035 calida,
351 1959 454 2020 deinde
466 1959 589 2020 inuicem
602 1959 665 2020 aliis
677 1958 778 2019 diebus
787 1959 869 2035 baec,
882 1959 1054 2019 aliisrinum.

350 2157 535 2260 carun
567 2197 627 2257 xa
650 2196 770 2275 pust.

413 2315 451 2366 De
467 2314 600 2380 sanguinis
619 2323 704 2379 sputu.

124 2465 217 2545 blagis
238 2470 341 2529 terreri
364 2475 462 2546 potest
481 2466 603 2545 aliquis,
630 2482 716 2541 quum
738 2463 903 2540 sanguinem
927 2463 1055 2539 exspuit:

73 2551 118 2612 sed
139 2553 167 2612 id
188 2554 275 2614 modo
300 2555 408 2627 minus,
429 2550 515 2610 modo
535 2550 600 2628 plus
616 2549 739 2626 periculi
754 2548 850 2607 habet.
888 2545 956 2605 Exit
971 2545 1056 2618 modo

45 2651 106 2694 uer
118 2637 261 2715 gingivis,
275 2638 360 2697 modo
378 2655 416 2695 ex
430 2652 497 2694 ore:
521 2643 550 2694 et
566 2633 679 2711 quidem
694 2652 731 2693 ex
746 2632 803 2692 hoc
818 2629 957 2690 interdum
974 2631 1057 2688 etiarn

74 2722 203 2799 copiose,
227 2721 279 2780 sed
301 2722 363 2780 sine
383 2720 472 2796 tussi,
495 2720 556 2778 sino
574 2717 694 2794 ulcere,
720 2717 781 2776 sine
803 2716 981 2792 gingivarum
999 2712 1058 2771 ullo

75 2802 151 2872 vitio;
173 2807 211 2866 ita
235 2814 265 2865 ut
285 2805 353 2864 nibil
375 2812 559 2864 exscreetur:
581 2819 681 2861 verum
702 2810 733 2860 ut
755 2819 793 2861 ex
808 2798 938 2873 naribus,
962 2798 1005 2854 sic
1022 2813 1059 2853 ex

76 2903 121 2946 ore
139 2888 290 2968 aliquando
313 2890 481 2968 prorumpit.
517 2885 613 2964 Atque
636 2884 777 2945 interdurn
800 2883 918 2957 sanguis
934 2878 1059 2957 prolluit,

76 2971 207 3034 interdum
225 2973 319 3032 simile
335 2989 426 3050 aquae
440 2970 588 3049 quiddam,
611 2971 638 3028 in
655 2987 710 3045 qua
726 2985 793 3027 caro
809 2981 914 3024 recens
930 2963 989 3022 tota
1005 2969 1058 3018 est.

51 3071 73 3114 to
80 3051 287 3136 Nonnumquam
301 3066 395 3116 autem
410 3058 435 3114 is
451 3073 467 3115 a
481 3057 596 3115 summis
610 3051 740 3113 faucibus
755 3051 862 3123 iertur,
878 3046 964 3106 modo
980 3045 1060 3104 exul·

79 3147 167 3201 cerata
191 3159 224 3201 ca
246 3150 344 3220 parte,
365 3140 451 3200 ruodo
475 3157 533 3200 non
556 3139 739 3205 exulceratu;
759 3133 810 3193 sed
833 3141 880 3191 aut
902 3147 1060 3189 crevenno

80 3220 189 3300 alicujus
205 3225 362 3304 adaperto,
378 3234 426 3284 aut
440 3222 598 3283 tuberculis
614 3218 782 3300 quibusdam
796 3217 888 3292 natis,
905 3215 1000 3292 exque
1016 3213 1060 3271 bis

81 3309 208 3383 sanguine
230 3318 407 3387 erumpente.
445 3306 529 3379 Quod
552 3305 600 3364 ubi
620 3303 734 3379 incidit,
756 3318 851 3378 neque
871 3298 960 3358 laedit
981 3297 1061 3375 potio

82 3397 122 3448 tut
141 3391 234 3470 uibus,
253 3411 356 3471 neque
380 3391 532 3470 quidquam
554 3397 583 3448 ut
604 3406 641 3448 ex
663 3387 763 3446 ulcere
785 3391 963 3444 exscreatus.
1000 3378 1061 3475 Ali·

55 3475 185 3548 cquando
205 3494 294 3554 vero,
319 3485 435 3554 gutture
457 3483 486 3534 et
507 3474 620 3533 aneriia
642 3471 766 3548 (idest,
793 3483 909 3546 aspero
925 3462 1061 3539 ortona)
