2392 3906
148 197 207 258 1³0
424 202 458 252 ι.
476 200 505 249 c.
523 199 623 248 const
645 199 839 248 unnuomcn

144 365 228 440 §7)
266 359 336 419 Tum
357 357 537 418 commodum
559 365 620 430 est,
644 353 815 454 hyssopum,
842 353 891 414 vol
913 362 1068 432 nepetam,
1093 353 1139 412 rel

144 448 286 520 thymum,
309 442 357 501 rel
373 441 560 516 absinthium,
574 439 624 500 vel
638 439 722 498 atram
736 437 879 513 iuriures
895 447 945 498 aut
958 439 1030 498 licus
1047 437 1140 498 aridas

61 597 72 610 κ
146 545 210 596 cum
232 528 324 586 mulsa
344 542 418 604 aqua
438 526 623 602 decoquere,
648 540 742 600 eaque
757 539 959 599 gargarizare
982 530 1053 600 post
1068 521 1141 582 haec

146 614 270 692 palatum
286 628 396 686 ungere
412 609 461 668 rel
476 609 547 668 lello
562 608 691 680 taurino,
708 607 756 666 rel
769 622 805 666 eo
816 606 1046 681 medicamento,
1065 605 1141 683 quod

67 715 71 721 ’
116 767 118 772 .
146 696 285 756 exmoris
305 703 359 753 est.
390 693 502 753 Polline
518 692 726 768 etiampiperis
743 690 866 750 idrectc
884 691 1082 787 respergitur.
1112 690 1161 748 Sir

145 799 199 860 per
221 779 295 838 haec
314 795 413 856 parum
434 776 601 855 proficitur,
623 773 747 834 ultimum
769 783 815 834 esi
836 774 965 834 incidere
987 775 1061 832 satis
1078 774 1143 832 altis

146 865 243 943 plagis
266 861 347 921 suh'
339 862 410 938 ipsis
432 859 556 920 maxillis
580 876 667 936 supra
689 857 812 933 collum,
840 867 869 918 et
889 860 918 918 in
942 857 1041 935 palato
1073 859 1142 918 citra

76 968 82 981 ·
146 965 245 1021 uvam,
267 945 316 1005 vel
336 963 387 1004 eas
408 962 514 1019 venas,
538 960 612 1020 quae
629 941 682 1002 sub
700 943 797 1019 lingua
811 951 890 1009 sunt;
914 951 944 1000 ut
959 960 1015 1020 per
1027 959 1067 1002 ea
1083 941 1143 1000 vul-

145 1049 215 1090 nere
237 1027 353 1088 morbus
374 1036 512 1127 erumpat
548 1025 658 1102 Quibus
680 1027 704 1086 si
724 1043 781 1086 non
801 1026 887 1086 luerit
908 1043 1000 1102 aeger
1015 1025 1142 1100 adjutus,

147 1118 223 1173 scire
240 1113 309 1172 licet
326 1112 400 1172 malo
414 1113 521 1171 uictum
537 1127 615 1170 esso.
637 1111 667 1169 Si
682 1127 753 1170 vero
767 1109 812 1170 his
827 1109 945 1170 morbus
957 1110 1142 1184 leuatusest,
1153 1122 1171 1162 tt

140 1201 259 1274 jamque
274 1197 374 1255 lauces
389 1205 419 1255 et
434 1195 528 1255 cibum
546 1204 576 1255 et
589 1193 719 1272 spiritum
733 1194 865 1272 capiunt,
882 1193 975 1253 facilis
987 1191 1144 1252 adhortans

93 1295 96 1303 ·
145 1279 338 1340 valetudinem
358 1297 494 1338 recursus
517 1288 571 1340 cst.
616 1277 712 1356 Atque
733 1277 873 1338 interdum
896 1286 996 1336 natura
1023 1294 1144 1354 quoque

146 1365 276 1441 adjurat,
307 1365 331 1421 si
357 1381 394 1422 ex
415 1365 582 1440 angustiore
602 1362 674 1421 sede
700 1363 797 1422 uitium
818 1362 969 1423 transitio
991 1361 1142 1424 latiorem:

145 1452 241 1526 itaque
259 1448 367 1507 rubore
385 1457 414 1507 et
434 1458 545 1508 tumore
561 1448 589 1504 in
605 1447 784 1524 praecordiis
800 1455 881 1520 orto,
901 1446 977 1506 scire
993 1445 1067 1504 licet
1083 1445 1143 1504 iau·

146 1551 197 1592 ces
220 1532 337 1592 liberari
358 1529 454 1610 (Apu.
471 1531 526 1605 Vl,
544 1531 599 1598 37;
623 1529 776 1606 v11‚47).
813 1529 958 1608 Quidquid
980 1537 1079 1588 autem
1095 1544 1170 1587 essu

145 1617 263 1690 levarit,
286 1616 478 1694 incipiendum
493 1623 538 1673 est
554 1613 590 1672 ab
604 1613 741 1688 humidis,
767 1615 948 1692 maximeque
964 1630 1038 1690 aqua
1051 1612 1144 1672 mulsa

146 1702 287 1759 decocta!
309 1698 414 1757 deiude
434 1697 596 1758 assumendi
618 1697 722 1756 molles
743 1707 772 1757 et
793 1713 850 1756 uon
873 1714 958 1756 acres
983 1695 1041 1756 cibi
1067 1706 1143 1770 sunt,

146 1784 240 1841 donec
256 1783 356 1841 fauces
372 1782 407 1840 ad
422 1783 569 1860 pristinum
584 1780 708 1840 habiturn
722 1791 913 1841 revertantur.
933 1779 1030 1857 Vulgo
1044 1780 1142 1853 audio,

145 1868 168 1924 si
193 1868 255 1943 quis
281 1865 389 1942 pullum
414 1865 570 1924 hirundinis
595 1865 689 1924 ederit
716 1866 770 1943 (ci,
793 1865 864 1924 Plin.
890 1861 985 1940 XXX,
1010 1867 1048 1938 t,
1077 1866 1142 1942 12),

145 1950 249 2025 angina
272 1956 334 2008 toto
350 1963 425 2007 auno
442 1965 499 2008 non
514 1949 687 2027 periclitari;
712 1959 917 2026 servatumque
932 1966 997 2008 oum
1014 1966 1053 2008 ex
1070 1948 1170 2021 sales

146 2051 229 2109 quum
251 2033 275 2091 is
296 2031 414 2092 morbus
428 2042 530 2109 urget,
556 2032 703 2109 comburi,
727 2033 940 2110 carbonemque
955 2034 1021 2107 ejus
1036 2033 1142 2092 contri-

144 2127 201 2176 tum
222 2117 249 2176 in
271 2133 372 2194 aquam
393 2116 530 2192 mulsam,
550 2135 624 2194 quae
644 2119 723 2194 potui
746 2118 845 2194 detur,
872 2117 996 2190 infriari,
1024 2127 1053 2174 et
1078 2133 1142 2194 pro-

145 2201 232 2260 desse
257 2202 311 2280 (ci.
329 2200 400 2260 Pliu.
417 2201 436 2262 l.
454 2201 501 2280 l).
541 2200 572 2259 ld
588 2219 673 2278 quum
688 2201 811 2262 idoneos
826 2211 962 2262 auctores
978 2218 1016 2258 ox
1031 2201 1143 2280 populo

144 2285 265 2360 habeat,
291 2303 386 2363 neque
404 2285 512 2346 hahere
529 2285 683 2362 quidquam
698 2285 819 2362 periculi
838 2285 946 2366 possit,
966 2287 1100 2361 quamvis
1116 2287 1143 2342 in

130 2437 132 2440 ¹
145 2371 334 2428 monumentis
350 2370 527 2429 medicorum
545 2385 602 2428 non
618 2368 756 2444 legerim,
772 2377 867 2430 tamen
879 2369 1063 2429 inserendum
1078 2370 1170 2428 huicrs

145 2455 226 2530 operi
242 2453 307 2511 meo
326 2453 444 2512 credidi.

401 2685 585 2750 curun
618 2688 729 2747 vm
754 2686 876 2766 pum.

468 2801 504 2850 De
523 2800 673 2851 difficultate
692 2803 814 2868 spirandi.

204 2951 256 3014 Est
279 2955 364 3013 etiam
381 2954 458 3014 circa
473 2953 574 3013 lances
589 2955 709 3028 malum,
730 2954 808 3034 quod
824 2955 898 3031 apud
916 2953 1049 3014 Graecos
1063 2955 1142 3016 aliud

142 3036 277 3114 aliudque
292 3056 396 3097 nomon
411 3037 498 3097 habet
504 3049 614 3115 ,prout
628 3059 660 3098 se
674 3000 800 3098 inlendit
824 3037 935 3098 Omne
928 3057 956 3098 ιιι
968 3039 1140 3100 difficultate
1151 3056 1172 3096 st

143 3121 269 3194 spirandi
286 3123 432 3180 consistit
456 3121 509 3180 sed
526 3122 599 3181 haec
615 3123 678 3180 dum
695 3123 809 3182 modica
826 3131 886 3197 est
909 3141 1006 3201 neque
1024 3141 1061 3186 ex
1078 3131 1140 3182 toto

143 3203 318 3277 strangulat,
340 3197 506 3264 δύσπνοια
522 3205 698 3282 appellatur:
710 3221 796 3282 quum
805 3205 1006 3266 vehementior
1014 3217 1088 3303 est,
1112 3216 1140 3264 ut

142 3285 254 3358 spirare
272 3303 362 3359 aeger
381 3290 443 3346 sine
462 3304 535 3347 sono
555 3297 585 3347 et
599 3289 784 3350 anhelatione
803 3307 860 3349 non
875 3293 987 3368 possit,
1005 3251 1179 3394 ᾆσθμαε

139 3385 222 3444 quum
235 3373 359 3428 accessit
374 3371 401 3428 id
423 3387 554 3447 quoque,
581 3390 617 3430 ne
638 3374 691 3430 nisi
714 3383 794 3432 recta
816 3375 933 3434 cervice
948 3376 1064 3452 spiritus
1082 3385 1138 3434 tra·

141 3455 223 3508 hairu
231 3437 469 3528 ,dpbdrrvorm
483 3453 528 3512 Ex
544 3455 646 3531 quihus
664 3457 708 3530 id,
731 3457 806 3534 quod
821 3458 941 3535 primum
957 3468 1018 3535 est,
1039 3465 1167 3536 potesta
