2372 3892
426 148 495 202 um.
511 151 585 199 vm.
607 149 682 200 exe.
695 137 729 200 r.'
751 225 759 232 .
1012 138 1073 200 327

62 319 153 380 rus,
170 299 349 365 medullosus
387 303 491 366 leniter
511 303 616 384 gibbus
639 307 668 366 in
683 307 809 384 priorem
831 314 860 368 et
880 307 1074 384 posteriorem

66 397 108 450 et
140 388 326 468 interiorem
353 407 441 450 cavus
462 391 490 449 in
511 391 685 458 exteriorem
713 399 833 468 partem.
873 390 955 450 Prior
980 400 1073 452 autem
1162 431 1167 442 ·

23 475 31 482 ’
66 491 157 550 pars
176 468 237 548 est,
261 489 333 549 quae
351 491 367 532 a
383 482 503 551 pectore
519 481 578 541 est;
605 475 760 554 posterior,
784 491 858 552 quae
874 474 909 534 ab
928 475 1071 552 scapulis;

67 557 226 630 interior,
244 573 317 634 quae
332 555 367 616 ad
387 556 459 616 latus
472 556 583 625 'tendit;
605 558 752 632 exterior,
773 575 846 635 quae
872 557 909 617 ab
934 575 975 617 eo·
991 576 1073 616 rece·

26 655 48 697 5
71 639 139 698 dit:
159 638 237 717 quod
256 639 291 700 ad
306 639 556 712 omnesarticulos
575 639 726 719 ,pertinere
744 642 771 699 in
792 640 976 701 ulterioribus
994 651 1073 720 pate-

72 723 136 782 bit.
179 723 318 800 Superius
339 733 434 784 autem
454 723 563 784 humeri
589 733 674 804 ceput
699 724 857 800 rotundius,
876 743 959 803 quum
977 733 1074 786 cetera

73 823 174 882 ossa,
200 805 237 866 de
260 806 361 884 quihus
384 807 478 868 adhuc
493 808 562 883 dixi,
577 825 668 886 parvo
687 825 811 867 excessu
828 809 930 867 vertici
945 806 993 868 lati
1011 825 1072 866 sca·

80 891 220 970 pularum
238 892 313 950 ossis
327 887 478 968 inseritur,
498 909 532 952 ao
549 892 659 967 majore
672 901 753 970 parte
775 900 856 952 extra
879 895 962 952 situm
975 895 1074 954 nervis

77 975 243 1050 deligatur.
277 973 316 1034 At
342 975 461 1034 inferius
488 974 560 1034 duos
582 992 740 1054 processus
765 975 867 1035 habet:
894 977 968 1035 inter
987 993 1071 1054 quos,

9 1077 63 1120 -uo
80 1057 169 1136 quod
189 1056 311 1116 medium
332 1066 391 1133 est,
417 1061 510 1134 magis
533 1059 617 1118 eliam
636 1059 772 1118 extremis
788 1056 915 1136 partibus
937 1060 1072 1120 sinuatur.
1096 1123 1098 1128 ,

79 1142 173 1215 Quae
188 1159 237 1200 res
252 1140 351 1200 sedem
364 1140 482 1202 brachio
506 1150 648 1220 praestat:
673 1141 750 1220 quod
772 1149 884 1202 constat
902 1161 938 1201 ex
958 1142 1072 1202 ossibus

79 1223 213 1286 duobus.
241 1224 370 1300 Radius,
387 1243 470 1302 quem
485 1221 621 1305 κερκίδα
639 1224 743 1285 Graeci
759 1225 921 1304 appellant,
939 1228 1072 1304 superior

79 1307 283 1385 breviorque,
310 1317 339 1367 et
361 1310 451 1385 primo
473 1311 601 1385 tenuior,
623 1308 744 1368 rotundo
764 1318 793 1366 et
814 1308 918 1368 leniter
935 1327 1008 1369 cavo
1026 1327 1072 1368 ca-

84 1393 150 1471 pite
168 1392 300 1467 exiguum
315 1390 424 1453 humeri
440 1392 618 1452 tuberculum
634 1391 751 1468 recipit;
773 1391 856 1469 idque
874 1391 912 1450 ibi
931 1394 1029 1452 nervis
1045 1401 1073 1452 et

34 1494 69 1542 ιε»
85 1475 261 1551 cartilagine
274 1476 442 1534 continetur.
475 1475 592 1536 Cubitus
614 1475 733 1534 inferior
760 1474 949 1552 longiorque,
973 1485 1001 1534 et
1016 1478 1072 1554 pri-

82 1576 137 1620 mo
157 1557 288 1635 plenior,
315 1558 343 1618 in
363 1576 472 1618 summo
493 1559 587 1637 capite
609 1558 721 1618 duobus
743 1559 824 1635 quasi
850 1557 1007 1617 verticibus
1022 1576 1072 1616 ex-

84 1641 233 1702 stantibus
255 1643 282 1700 in
303 1643 392 1702 sinum
415 1642 540 1716 humeri,
560 1659 644 1720 quem
659 1643 733 1701 iuter
748 1641 819 1700 duos
834 1659 992 1720 processus
1009 1642 1072 1716 ejus

85 1743 159 1784 esse
182 1727 332 1804 proposui,
349 1744 381 1784 se
396 1724 504 1786 inserit.
534 1725 628 1806 lffrimo
646 1741 715 1784 vero
732 1725 787 1784 duo
802 1723 911 1786 brachii
928 1743 994 1785 ossa
1007 1726 1073 1799 jun-

87 1817 138 1868 cta
156 1807 487 1886 paulatim,dirimuntur,
503 1827 659 1887 rursusque
677 1808 712 1868 ad
728 1817 969 1884 manum-coeunt,
985 1809 1072 1868 modo

37 1911 75 1952 ao
90 1891 287 1952 crassitudinis
302 1901 424 1952 mutato:
441 1893 580 1970 siquidem
593 1894 631 1952 ibi
643 1892 737 1951 radius
756 1893 880 1970 plenior,
898 1891 1009 1952 cubitus
1024 1893 1072 1951 ad·

87 1973 204 2034 modum
220 1977 311 2036 tenuis
327 1984 380 2035 est.
395 1975 468 2035 Dein
481 1976 593 2052 radius,
611 1978 639 2036 in
657 1985 743 2054 caput
756 1977 988 2054 cartilaginosum
1005 1993 1074 2034 con·

90 2077 231 2134 surgens,
254 2060 282 2117 in
305 2061 418 2128 vertice,
436 2061 577 2120 sinuatur:
594 2057 705 2122 cubitus
723 2057 859 2118 rotundus
882 2061 910 2118 in
931 2067 1074 2132 extremo,

92 2151 175 2220 parte
191 2141 283 2202 altera
301 2142 413 2221 paulum
434 2142 576 2222 procedit.
598 2142 660 2217 Ac,
676 2160 712 2200 ne
727 2143 842 2218 saepius
858 2141 1009 2200 dicendum
1024 2141 1072 2214 sit,

92 2224 165 2286 illud
179 2225 306 2301 ignorari
321 2243 378 2284 non
394 2236 519 2304 oportet,
537 2227 656 2304 plurima
674 2241 740 2284 ossa
762 2226 790 2283 in
809 2223 1006 2300 cartilaginem
1024 2223 1072 2282 de-

45 2327 80 2370 25
95 2309 203 2384 sinere,
219 2309 324 2368 ouillum
344 2309 492 2369 articulum
509 2327 566 2370 non
585 2311 627 2370 sic
645 2309 727 2369 liniri.
743 2307 845 2386 Neque
861 2309 935 2366 enim
951 2315 998 2366 aut
1012 2323 1073 2364 mo·

93 2392 156 2454 veri
175 2401 300 2470 posset,
312 2393 365 2451 nisi
380 2393 453 2452 laevi
469 2394 652 2462 inniteretur;
670 2402 717 2452 aut
732 2409 794 2450 cum
814 2409 899 2450 corne
917 2389 1073 2468 nervisque

95 2475 250 2552 conjungi,
267 2477 320 2536 nisi
337 2495 371 2538 ea
390 2475 482 2536 media
501 2477 641 2554 quaedam
662 2477 779 2534 materia
802 2477 1002 2534 committeret.
1040 2472 1073 2534 ln

94 2577 177 2618 manu
193 2577 264 2620 vero
282 2561 371 2637 prima
386 2557 498 2638 palmae
516 2578 583 2637 pars
600 2577 637 2618 ex
649 2558 742 2617 multis
764 2559 935 2636 minutisque
959 2557 1074 2616 ossibus

96 2649 223 2720 constat,
241 2660 360 2720 quorum
372 2661 504 2703 numerus
521 2646 648 2701 incertus
665 2649 717 2702 est.
749 2641 807 2700 Sed
831 2641 958 2717 oblonga
980 2641 1073 2700 omnia

51 2745 85 2786 eo
98 2732 125 2782 et
140 2724 289 2800 triangula,
306 2735 446 2786 structura
463 2725 582 2803 quadam
598 2726 671 2783 inter
693 2743 724 2784 se
741 2732 964 2800 connectuntur,
989 2741 1074 2801 quum

93 2807 213 2866 invicem
226 2809 360 2883 superior
373 2807 491 2867 ulterius
505 2808 624 2884 angulus
640 2807 758 2867 alterius
772 2809 905 2885 planities
913 2811 964 2866 sit:
978 2823 1075 2881 eoque

95 2889 126 2948 lit
138 2907 172 2947 ex
183 2889 226 2948 his
239 2891 320 2948 unius
334 2892 409 2948 ossis
422 2891 534 2967 paulum
546 2893 574 2950 iu
585 2891 723 2950 interiora
735 2892 851 2949 concavi
865 2891 988 2966 species.
1015 2887 1073 2946 Ve-

96 2990 155 3032 rum
166 2990 292 3031 exmanu
303 2970 358 3033 duo
371 2975 468 3050 exigui
482 2992 638 3050 processus
651 2975 678 3031 in
689 2973 778 3030 sinum
792 2971 860 3032 radii
874 2972 1074 3046 conjiciuntur.

98 3055 164 3116 Tum
176 3074 214 3114 ex
225 3055 316 3114 altera
328 3065 409 3132 parte
422 3064 502 3115 recta
514 3058 637 3136 quinque
651 3073 734 3130 ossa,
746 3054 780 3112 od
795 3055 901 3130 digitos
919 3054 1075 3128 tendentia,

58 3158 88 3200 ae
99 3139 213 3219 palmam
229 3137 356 3217 explent.
371 3139 397 3202 A
412 3139 514 3217 quibus
530 3142 586 3218 ipsi
600 3139 680 3215 digiti
695 3138 836 3205 oriuntur;
849 3139 897 3216 qui
910 3156 947 3197 ex
962 3138 1077 3197 ossibus

99 3224 182 3284 ternis
212 3232 357 3282 constant:
386 3225 566 3300 omniumque
595 3222 695 3282 eadem
718 3221 790 3280 ratio
814 3229 866 3280 est.
902 3221 1023 3283 Interius
1044 3237 1078 3279 os

100 3309 128 3367 in
147 3309 255 3367 vertice
282 3308 423 3382 sinuatur,
455 3308 615 3384 recipitque
647 3305 798 3364 exterioris
824 3307 961 3382 exiguum
983 3304 1078 3365 tuber·

102 3392 204 3460 culum3
232 3392 369 3470 nervique
392 3409 426 3452 ea
447 3391 602 3452 continent.
630 3389 656 3449 Α
678 3387 780 3474 qulbus
802 3391 858 3449 orti
874 3409 984 3468 ungues
999 3385 1078 3447 indu·
