2384 3896
357 216 437 264 vraro.
460 216 492 263 v.
510 215 584 264 cnr.
607 215 717 265 nvn.
968 201 1029 263 tot
1117 283 1119 288 Ι

22 371 115 430 siras
141 371 206 444 ejas
222 367 429 432 extrahendum
453 378 507 430 est.
536 369 663 444 Deinde,
685 369 915 447 siiooasneque
928 383 1033 430 neruo·

26 469 220 532 summeque
234 453 415 514 musculosus
431 461 491 529 est,
512 453 616 512 vuinus
631 453 658 511 id
678 451 851 512 adurendum
867 463 929 514 est:
952 454 978 512 si
992 456 1034 512 uri

27 555 94 598 non
112 545 234 616 potest,
248 537 426 614 sauguinem
447 537 553 597 honuni
574 538 643 595 mitti
660 554 717 596 non
738 535 860 596 alienum
876 545 930 596 est.
964 536 1034 597 'ium

30 629 109 680 usto
122 619 239 698 quidem
253 619 364 681 vulneri
381 619 642 700 superimponenda
658 637 732 697 qnae
746 620 852 679 ceteris
867 621 938 679 ustis
953 629 1033 679 sunt:

4 722 19 762 a
31 707 61 764 ei
75 720 155 764 vero
168 703 244 782 quod
257 713 407 783 expertum
420 707 516 780 ignem
527 699 586 763 non'
601 712 660 778 est,
677 721 711 762 ea
723 702 945 779 medicamenta,
960 718 1034 781 quae

32 787 232 848 uehementer
250 787 384 848 exedunt.
413 786 482 848 Post
497 803 571 865 quae
586 786 667 846 nulio
683 802 760 846 noro
782 787 966 862 magisterio,
982 787 1035 846 sed

27 872 96 946 jaun
108 887 199 948 supra
215 870 316 948 posito
327 871 430 932 vuinus
444 873 498 930 erit
510 868 699 948 implendum,
716 869 791 930 etad
804 871 954 929 sanitatem
969 887 1034 947 per-

33 953 215 1014 ducendum.
248 954 367 1029 Quidam
390 962 457 1033 post
477 953 585 1014 rabiosi
607 955 686 1014 canis
707 969 832 1012 morsum
854 953 982 1030 protinus
1007 954 1035 1012 in

33 1037 177 1098 balneum
193 1035 320 1112 mittunt,
336 1037 434 1115 ibique
450 1039 592 1116 patiuntur
609 1035 768 1114 desudare,
789 1035 854 1096 dum
871 1037 949 1095 vires
969 1052 1034 1095 cor·

1 1135 27 1180 to
37 1121 124 1200 poris
142 1120 252 1198 sinupt,
270 1120 390 1180 vulnere
405 1120 564 1199 adaperto,
580 1133 638 1198 qtro
651 1120 744 1196 magis
759 1138 797 1178 er
811 1135 849 1178 eo
865 1117 980 1197 quoque
993 1117 1034 1177 vi·

34 1223 90 1268 ras
106 1203 251 1264 destillet:
273 1204 377 1264 deinde
398 1203 487 1264 molto
502 1219 678 1280 meracoque
694 1205 762 1263 vino
779 1203 941 1280 excipiant,
959 1199 1035 1280 quod

36 1285 176 1350 omnibus
193 1289 311 1348 venenis
329 1289 502 1348 contrarium
518 1295 572 1346 est.
598 1286 689 1365 idque
699 1305 784 1364 quum
797 1287 834 1346 ita
845 1304 899 1365 per
915 1284 1049 1345 triduom*

36 1371 150 1433 iactum
166 1379 228 1447 est,
245 1380 320 1432 tutos
336 1389 403 1432 asse
418 1371 504 1431 homo
521 1370 683 1448 epericulo
697 1369 819 1430 videtur.

104 1453 188 1516 Solet
210 1463 309 1514 autem
323 1471 360 1514 ex
380 1471 417 1514 eo
442 1453 578 1530 rainere,
604 1451 652 1513 ubi
675 1470 773 1532 parum
798 1467 950 1512 occursum
972 1461 1034 1525 est,

1 1551 29 1596 tt
39 1553 136 1617 aquae
151 1538 237 1597 timor
250 1539 345 1600 nasci:
367 1526 583 1615 ὑδροφόβους
597 1523 846 1615 (ὑδροφοβίοινῗ
865 1535 914 1596 oei
931 1534 1036 1612 potius

38 1621 214 1704 pleroma)
228 1620 332 1682 Graeci
342 1620 499 1700 appellaui.
520 1619 707 1680 Miserrimum
719 1637 812 1696 genos
822 1619 925 1695 morbi,
938 1620 1036 1695 inquo

40 1705 128 1764 simui
144 1721 234 1780 aeger
250 1713 280 1772 et
294 1705 340 1763 siti
358 1713 386 1763 et
403 1721 494 1782 aquae
510 1711 585 1762 metu
598 1703 755 1763 cruciatur:
773 1720 830 1782 qno
843 1703 995 1781 oppressis
1007 1700 1036 1758 in

41 1797 169 1865 angusto
185 1805 255 1865 spes
270 1795 326 1847 est.
346 1786 405 1848 Sed
420 1787 532 1846 unicum
547 1794 640 1846 tamen
655 1785 811 1846 remedium
828 1795 889 1862 est,
904 1802 957 1844 nec
974 1784 1035 1862 opi·

41 1880 158 1930 nantem
179 1873 208 1929 in
232 1870 371 1948 piscinam
389 1887 446 1930 non
467 1879 532 1930 ante
552 1871 578 1928 ei
600 1870 745 1947 prouisam
759 1869 922 1948 projicere,
945 1876 987 1943 et,
1011 1867 1035 1924 si

2 1967 33 2011 so
44 1953 162 2015 natandi
172 1954 320 2016 scientiam
332 1971 389 2014 non
401 1953 501 2029 babet,
519 1951 604 2012 rnodo
617 1954 740 2022 mersum
751 1952 851 2012 hibere
864 1953 932 2031 pati,
949 1950 1035 2011 modo

42 2037 196 2105 attollere;
221 2037 245 2096 si
260 2037 364 2113 babet,
387 2036 526 2098 interdum
544 2035 724 2114 deprimere,
746 2045 778 2095 ut
793 2037 897 2094 inuitus
920 2050 1035 2112 qnoque

44 2139 120 2199 aqua
136 2123 268 2180 satietur:
289 2120 332 2180 sio
349 2121 423 2180 enim
439 2119 521 2180 simul
537 2129 565 2178 et
581 2119 643 2177 sitis
657 2128 686 2177 et
701 2137 793 2198 equae
809 2127 901 2178 metus
917 2116 1035 2176 tollitur.

44 2204 106 2266 Sed
120 2203 196 2264 aliud
211 2204 370 2282 periculum
385 2205 509 2282 excipit,
530 2219 566 2264 ne
582 2203 719 2262 infirmum
735 2219 841 2278 corpus
855 2202 883 2260 iu
899 2217 972 2277 equa
987 2197 1036 2257 iri·

43 2289 114 2367 gida
134 2297 267 2348 vexatum
285 2305 436 2352 nervorum
454 2287 588 2346 distentio
609 2285 747 2345 absumat.
777 2283 809 2344 id
824 2302 860 2342 ne
875 2282 996 2357 incidat,
1019 2297 1035 2340 a

10 2389 37 2430 ss
50 2373 161 2454 piscina
172 2373 303 2449 protinus
315 2371 342 2430 in
354 2371 449 2431 oleum
463 2369 584 2430 calidum
596 2365 783 2428 demittendus
794 2376 848 2426 est:
870 2365 1037 2426 Antidotum

46 2465 153 2530 autem,
171 2457 327 2532 praecipue
345 2455 382 2530 id,
399 2453 475 2532 quod
492 2453 583 2532 primo
598 2452 666 2512 ioco
681 2453 765 2530 posui
783 2450 857 2529 (23,
878 2451 928 2530 i);
945 2448 993 2508 ubi
1008 2445 1036 2506 id

47 2554 106 2600 uon
126 2547 187 2614 eat,
216 2537 309 2614 aliud,
335 2539 360 2598 si
381 2537 503 2597 nondam
524 2553 616 2612 aeger
637 2551 739 2612 aquam
759 2533 875 2611 horret,
897 2535 977 2613 potui
999 2549 1036 2591 ex

48 2639 122 2701 aqaa
136 2621 259 2683 dandum
275 2630 334 2689 est:
351 2631 380 2681 et
391 2623 416 2680 si
427 2619 614 2680 amaritudine
627 2617 761 2696 offendit,
778 2619 834 2678 mei
846 2615 1037 2693 adjiciendum

49 2715 112 2765 est:
133 2705 157 2762 si
170 2706 231 2779 jam
245 2707 269 2764 is
287 2705 403 2765 morbus
419 2703 590 2782 occupavit,
614 2703 667 2781 per
684 2703 826 2780 catapotia
841 2703 912 2762 sorni
928 2707 1036 2780 potest.

15 2813 41 2856 aa
113 2787 142 2848 3.
163 2789 347 2866 Serpentium
364 2800 480 2866 quoque
494 2803 608 2846 morsus
623 2803 679 2846 non
694 2787 812 2846 nimium·
822 2786 973 2846 distantem
989 2800 1035 2842 cu·
1092 2787 1094 2792 ’

50 2873 188 2934 rationem
205 2871 383 2932 desiderant:
403 2871 532 2951 quamvis
544 2870 572 2928 in
584 2887 618 2928 ea
631 2869 746 2928 muitum
760 2870 866 2946 antiqui
879 2869 1036 2929 variarunt:

50 2965 80 3016 ut
93 2957 122 3014 in
138 2955 248 3031 singula
269 2971 378 3031 genera
401 2955 533 3030 anguium
550 2953 663 3029 singula
678 2951 810 3012 medendi
829 2967 937 3026 genera
954 2963 1036 3025 prae·

52 3041 197 3117 ciperentr
219 3039 328 3116 aliique
347 3038 413 3098 alio.
445 3037 505 3096 Sed
525 3037 553 3094 in
569 3035 700 3096 omnibus
716 3034 816 3094 eadem
834 3034 955 3092 maxime
971 3047 1035 3109 pro·

52 3123 158 3182 dicium.
192 3121 284 3198 Igitur
303 3123 330 3181 in
349 3121 448 3198 primis
465 3137 553 3198 super
574 3120 676 3178 vulnus
692 3117 719 3176 id
736 3117 891 3176 membrum
909 3115 1037 3192 deligan-

20 3205 191 3272 sodomam:
209 3220 273 3264 non
293 3213 388 3264 tamen
410 3205 521 3262 nimium
548 3202 748 3274 vehementer,
764 3218 800 3260 ne
818 3209 947 3278 torpeat:
971 3199 1047 3282 dein,¹

54 3305 193 3348 venenum
208 3287 413 3348 extrahendum
432 3295 486 3346 est.
519 3284 550 3344 ld
566 3283 742 3346 cucurbitula
754 3287 877 3362 optime
888 3285 955 3344 iacit
965 3286 977 3342 ;’
987 3300 1036 3342 ne·

55 3389 110 3450 qne
132 3371 255 3440 alienum
276 3379 338 3448 est,
359 3379 424 3430 ante
446 3368 588 3446 scalpello
602 3371 678 3430 circa
693 3367 796 3428 vulnus
816 3369 961 3443 incidere,
979 3381 1037 3442 quo

54 3455 119 3538 pius
137 3456 226 3518 uitiati
237 3455 298 3530 jetro
312 3455 459 3530 sauguinis
473 3451 647 3514 extrahatur.
668 3452 699 3512 Si
713 3451 891 3520 cucurbitula
906 3467 964 3511 non
981 3457 1037 3524 est,
