2384 3896
137 169 196 232 178
429 179 462 226 s.
478 176 510 228 c.
527 176 627 230 cnnsr
643 176 841 228 unicubas

198 335 227 396 6.
250 331 411 412 Expellere
430 339 525 393 antem
539 349 577 392 ex
593 333 692 392 vesica
707 348 771 392 cum
786 331 868 392 urina
890 332 1042 394 calculum
1058 335 1140 394 vide·

134 429 180 479 tur
195 418 268 479 haec
286 416 473 494 compositio:
491 417 605 492 casiae,
627 416 724 491 croci,
745 416 897 492 myrrhae,
922 419 1019 494 costi,
1045 419 1141 494 nardi,

136 503 321 577 cinnamomi,
339 499 432 560 dulcis
441 500 563 574 radicis,
581 497 717 574 balsami,
732 500 865 578 hyperici
877 518 966 579 pares
979 505 1142 579 portiones

136 577 336 651 contemptun
359 583 463 644 deinde
478 585 574 644 vinum
589 582 655 643 lene
672 583 842 658 instillatur,
864 593 895 644 et
919 585 1037 662 pastilli
1062 586 1143 660 liunt,

67 735 75 749 ,
135 672 182 747 qui
199 668 303 746 singuli
321 667 446 728 habeant
478 686 507 746 p.
531 667 589 744 )-(.
610 685 637 726 z.
661 667 748 744 hique
769 667 874 744 singuli
894 668 1033 746 quotidie
1057 687 1162 730 manes

130 754 231 829 jejuno
248 753 359 813 dantur.

465 987 649 1050 CAPUT
680 989 793 1049 XXI.

559 1105 704 1170 Dcpessis.

194 1255 273 1314 llaec
294 1257 347 1314 tria
371 1256 611 1334 compositionum
629 1273 755 1334 genere,
782 1257 933 1318 maxirnum
955 1261 1144 1339 praecipuc-

133 1357 189 1418 que
211 1339 319 1398 varium
341 1356 424 1398 usum
441 1349 597 1417 praestant.
642 1339 702 1400 Sed
722 1340 778 1402 alia
801 1358 917 1419 quoqne
938 1342 1026 1402 utilia
1058 1355 1170 1412 sunt;n

29 1426 33 1438 '
131 1433 162 1482 ut
184 1439 219 1482 ea
242 1440 316 1500 quoe
337 1423 450 1482 feminis
470 1423 678 1498 subjiciuntur:
707 1418 852 1496 πεσσούς
877 1423 983 1486 Graeci
1015 1438 1144 1490 vocant.

112 1505 238 1566 -Eornm
260 1506 334 1567 haec
355 1508 520 1585 proprietas
545 1517 605 1568 est:
626 1508 833 1568 medicamenta
854 1510 1025 1586 composita
1061 1513 1145 1572 molli

131 1592 196 1650 lana
213 1591 410 1669 excipiuntur,
426 1607 520 1668 eaque
536 1590 602 1650 lana
616 1591 793 1652 naturalibus
810 1591 949 1652 conditur.
978 1655 982 1664 ,

199 1676 224 1732 i.
246 1674 295 1734 Ad
325 1675 494 1750 sanguinem
521 1684 615 1736 autem
644 1676 840 1751 evocandum,
866 1677 984 1737 cauneis
1017 1679 1144 1740 duabus

131 1758 262 1832 adjicitur
277 1758 341 1816 nitri
362 1775 389 1834 p.
406 1758 463 1836 )·(.
485 1771 506 1817 t.
525 1767 572 1818 eut
593 1753 652 1818 ittit
673 1777 773 1818 samen
794 1761 968 1838 conteritur,
989 1763 1144 1839 adjicitur
1153 1785 1169 1823 rs

129 1840 263 1912 myrrhae
279 1840 437 1919 paululum,
453 1851 483 1901 et
504 1852 650 1919 unguento
671 1844 769 1902 susino
792 1844 945 1903 miscetur:
969 1854 1025 1904 aut
1053 1866 1142 1908 cucu-

129 1925 216 1982 meris
232 1923 374 1984 silvestris
390 1942 457 2003 pars
474 1927 594 1986 interior
608 1945 647 1986 an
661 1925 736 1986 lacte
754 1925 886 1986 muliebri
904 1927 1040 1988 diluitur.

192 2008 221 2067 2.
239 2007 285 2068 Ad
300 2008 413 2068 vulvam
429 2009 611 2070 molliendam
635 2012 682 2069 ovi
703 2010 835 2088 vitellus,
861 2020 890 2070 et
904 2009 1030 2071 foenum
1053 2033 1143 2093 grae·

130 2108 205 2168 cum,
222 2101 251 2152 et
266 2109 350 2169 rosa,
368 2103 397 2153 et
412 2112 529 2154 crocum
542 2102 746 2172 temperantur.
773 2095 830 2154 Aut
842 2094 955 2154 elaterii
972 2115 999 2175 p.
1029 2099 1101 2178 )-(.
1118 2120 1142 2159 n.

46 2235 48 2238 .
128 2175 197 2235 salis
212 2176 400 2251 tantumdem,
418 2195 492 2236 uvae
508 2179 639 2238 taminiae
651 2196 679 2254 p.
695 2178 752 2256 )·(.
766 2177 913 2238 v1.mellc
930 2181 1141 2258 excipiuntur.
1149 2207 1168 2246 sn

191 2260 219 2320 3.
243 2260 300 2320 Aut
321 2260 434 2321 Boetho
466 2271 602 2320 auctore:
629 2263 725 2336 croci,
755 2263 871 2322 resinae
900 2262 1142 2342 terebinthinae,

127 2344 349 2422 singulortunp.
370 2346 490 2423 )·(.1v.
513 2344 646 2419 myrrltae
668 2362 696 2421 p.
723 2345 779 2424 )·(.
803 2365 846 2405 cz.
874 2362 960 2406 rosae
981 2366 1011 2425 p.
1034 2353 1104 2430 )·(.
1121 2367 1141 2412 1.

127 2429 189 2486 sevi
208 2427 316 2486 vitulini
332 2447 360 2505 p.
377 2430 434 2507 )·(.
451 2443 474 2488 1.
490 2447 515 2488 a.
533 2445 618 2488 cerae
635 2446 664 2506 p.
681 2429 736 2507 )·(.
752 2443 787 2488 11.
803 2431 968 2490 miscentur.

193 2511 222 2568 4.
246 2510 357 2588 Optima
376 2521 469 2572 antem
486 2513 626 2573 adversus
642 2512 879 2577 inflammationes
895 2514 1000 2574 vulvae
1018 2515 1140 2579 Nume-

126 2595 164 2650 nii
181 2595 353 2670 compositio
369 2605 430 2669 est,
450 2613 524 2672 quae
540 2595 628 2657 habet
644 2599 724 2680 croci
741 2615 769 2674 p.
785 2599 842 2678 )·(.
858 2617 884 2656 a.
909 2615 996 2659 cerae
1018 2619 1059 2678 p.
1081 2605 1166 2682 )·(.c

24 2697 27 2700 ·
125 2690 147 2734 1.
171 2675 264 2750 butyri
281 2695 310 2754 p.
326 2679 383 2755 )-(.
402 2691 475 2738 vm.
500 2679 593 2758 adipis
615 2682 767 2742 anserinae
788 2700 816 2762 p.
841 2682 898 2760 )·(.
919 2695 981 2742 ΧΠ.
1002 2686 1140 2753 vitellos

126 2769 227 2820 coctos
242 2761 334 2835 duos,
349 2777 435 2822 rosae
450 2763 543 2822 minus
558 2765 672 2839 cyatho.

185 2847 214 2906 5.
238 2846 268 2906 Si
291 2863 361 2906 vero
381 2846 474 2921 infans
494 2848 569 2908 intus
589 2849 732 2927 decessit,
755 2867 813 2928 quo
837 2851 951 2912 facilius
976 2852 1138 2934 ejiciatur,

124 2930 303 2991 malicorium
319 2949 356 2990 ex
371 2947 445 3009 aquo
462 2933 628 3010 terendum,
643 2949 739 3010 eoque
755 2934 889 2996 utendum
906 2943 959 2994 est.

187 3017 216 3074 6.
238 3017 269 3075 Si
296 3016 452 3077 concidere
479 3017 549 3076 vitio
578 3016 709 3077 locorum
730 3018 833 3078 mulier
854 3017 948 3093 solet,
976 3021 1165 3086 cochlearem

125 3111 189 3154 cum
210 3099 293 3156 testis
317 3102 377 3158 suis
401 3099 615 3160 comburendae
644 3101 917 3181 conterendaeque,
947 3103 1063 3166 deinde
1090 3109 1136 3168 his

124 3178 181 3236 mel
199 3181 390 3256 adjiciendum
405 3194 460 3244 est.
900 3209 902 3212 ’

123 3345 144 3405 Γ
184 3264 215 3406 ἔ.
239 3264 269 3322 Si
292 3282 348 3324 non
365 3267 599 3346 comprehendit,
625 3268 718 3347 adeps
744 3269 859 3330 leonina
878 3287 924 3339 ,ex
951 3288 1020 3332 rosa
1053 3277 1132 3336 mol-

102 3357 107 3370 ·
136 3365 181 3406 ren
203 3357 288 3408 aest.
