2392 3906
150 149 190 210 82
444 160 477 206 ε.
494 159 524 207 c.
541 159 639 206 cunsr
655 158 847 206 numeratae

146 313 182 373 ab
205 312 360 393 incipiente
382 315 489 391 excipi.
517 312 559 373 lta
582 314 605 372 si
632 311 747 388 longius
774 297 891 393 tompus¹
906 312 1067 372 secundum
1095 320 1153 386 εει,

148 413 231 475 quam
253 399 439 473 integerrimo
461 396 569 456 dandus
590 402 647 463 est;
670 396 694 453 si
709 394 817 472 breve,
839 398 924 456 etiam
939 406 1102 476 antequam
1118 414 1155 456 ex

145 489 207 540 toto
230 480 345 557 integer
367 482 425 540 liat.
454 481 518 554 Quo
542 480 609 539 loco
632 496 704 538 vero
722 481 873 556 integritas
897 488 958 555 est,
978 479 1093 539 eodem
1112 487 1155 538 est

145 563 294 639 remissio,
313 583 388 642 quae
402 566 522 624 maxima
538 565 565 621 in
580 560 663 622 febre
680 563 811 622 continua
828 573 1012 642 potestesse.
1049 564 1155 640 Atque

146 647 202 707 lroc
222 666 339 726 quoque
363 650 523 726 quaeritur,
552 656 643 705 utrum
671 655 712 704 tot
733 646 822 706 horae
831 647 1051 726 exspectandae
1085 649 1174 721 sinte

146 741 215 810 quot
236 730 348 790 febrem
368 731 542 799 habuerunt;
568 748 603 788 an
623 731 692 790 satis
713 731 749 789 sit
770 732 889 810 primam
911 741 1021 810 partem
1051 750 1156 792 earum

145 817 312 893 praeteriri,
336 825 366 875 ιιι
388 816 485 890 aegris
505 813 658 889 jucundius
681 813 796 890 insidat,
816 816 918 892 quibus
931 814 1082 874 interdum
1099 831 1157 874 non

144 907 236 958 vacat.
267 898 448 957 Tutissimum
464 906 509 956 εει
525 905 634 972 autem,
657 905 722 956 ante
737 899 824 958 totius
839 900 1016 959 accessionis
1031 907 1157 978 tempus

143 983 319 1060 praeteriria
337 982 483 1059 quamvis,
506 980 554 1039 ubi
577 982 664 1058 longa
686 979 776 1040 febris
797 981 866 1058 luit,
888 991 984 1062 potest
999 982 1156 1059 indulgeri

143 1082 234 1142 aegro
251 1067 403 1140 maturius,
421 1064 486 1123 dum
502 1073 595 1123 tamen
611 1073 675 1123 ante
697 1065 810 1125 minime
831 1085 899 1143 pars
924 1065 1038 1125 dimidia
1068 1085 1154 1144 prae
1163 1080 1178 1120 o

144 1156 279 1207 tereatur.
309 1147 399 1226 quue
411 1166 467 1208 non
479 1150 507 1206 in
523 1165 558 1206 ea
573 1149 635 1208 sola
653 1147 751 1221 febre,
768 1150 808 1216 de,
820 1169 876 1229 qua
891 1151 1022 1228 proxime
1040 1149 1155 1210 dietum

144 1240 202 1306 εει,
220 1229 271 1288 sed
286 1232 315 1289 in
332 1231 462 1290 omnibus
478 1233 516 1290 ita
532 1232 702 1292 servandum
718 1241 771 1290 est.

516 1466 767 1542 carunv.

145 1584 182 1634 De
198 1585 303 1634 febrium
323 1587 467 1649 speciebus,
485 1595 509 1635 et
526 1589 684 1652 singularum
702 1586 885 1646 curationibus3
904 1593 927 1634 ει
942 1589 1024 1650 primo
1045 1586 1153 1649 quaudo

440 1672 510 1722 cibus
526 1672 725 1722 febricitantibus
740 1673 847 1720 dandus.
1160 1686 1176 1723 rs

208 1820 286 1880 Haec
309 1823 401 1897 magis
424 1840 477 1900 per
501 1823 594 1881 omnia
613 1840 723 1898 genera
751 1822 1036 1900 febriumperpetua
1068 1833 1151 1884 sunt:

144 1922 219 1964 nunc
241 1904 276 1962 ad
299 1905 427 1980 singulas
450 1923 546 1964 earum
561 1907 677 1982 species
692 1905 876 1966 descendam.
904 1905 994 1982 Igitur
1011 1907 1038 1963 si
1057 1907 1153 1966 semel

142 1995 249 2047 tanturn
274 1989 415 2066 accessit,
444 1987 548 2048 deinde
570 1988 669 2064 desiit,
696 2007 789 2068 eaque
814 1989 862 2048 vel
884 2007 922 2048 ex
942 1991 1068 2066 inguine
1097 1991 1151 2070 (cf.

143 2070 223 2150 Aple.
239 2070 290 2147 tv,
308 2072 375 2149 55),
391 2071 438 2130 vel
457 2091 494 2131 ex
508 2072 690 2149 lassitudine,
706 2074 754 2131 vel
774 2093 811 2132 ex
826 2082 925 2146 aestu,
945 2073 1040 2131 aliave
1061 2075 1151 2134 simili

140 2173 173 2213 re
188 2155 252 2230 luit,
269 2156 322 2230 sic,
338 2163 368 2214 ut
383 2157 503 2214 interior
517 2155 594 2214 nulla
607 2173 692 2215 causa
702 2165 807 2216 metum
819 2157 933 2231 fecerit,
949 2164 1077 2234 postero
1096 2160 1175 2234 die,a

141 2257 226 2315 quum
240 2241 538 2315 tempusaccessinnis
558 2240 596 2299 ita
619 2241 745 2314 transiit,
769 2250 798 2300 ut
817 2239 885 2299 nihil
899 2240 1034 2314 moverit,
1066 2243 1152 2302 cibus

141 2321 202 2380 dari
218 2331 324 2400 potest.
359 2322 397 2381 At
414 2326 438 2381 si
456 2342 493 2382 ex
512 2324 570 2382 alto
586 2322 666 2382 calor
681 2325 779 2398 venit,
792 2332 821 2382 et
835 2324 962 2399 gravitas
973 2322 1021 2381 vel
1036 2327 1151 2405 capitis
1193 2323 1194 2328 ’

139 2406 187 2463 vel
209 2406 446 2482 praecordiorum
468 2415 588 2484 sequuta
604 2414 663 2480 est,
685 2423 779 2482 neque
804 2416 926 2483 apparet
945 2406 1011 2484 quid
1032 2425 1151 2488 corpus

141 2488 320 2556 confuderit3
349 2491 477 2566 quamvis
505 2506 587 2547 unam
613 2489 810 2548 accessionem
840 2499 960 2568 sequuta
988 2491 1152 2570 integritas
1192 2535 1193 2548 r

140 2578 198 2636 est;
215 2577 326 2646 tamen,
342 2571 408 2645 qnia
426 2572 547 2629 tertiana
560 2571 653 2628 timeri
668 2580 776 2652 potest,
789 2573 1002 2652 exspectandus
1017 2584 1067 2634 εει
1083 2576 1174 2634 diest

139 2653 256 2711 tertius:
282 2660 310 2710 et
333 2652 380 2709 uhi
409 2653 587 2711 accessionis
608 2661 720 2731 tempus
742 2659 905 2733 praeteriit,
929 2655 1010 2716 cibus
1030 2656 1150 2738 dandus

140 2743 202 2810 est,
220 2733 271 2793 sed
288 2735 424 2809 exiguum
444 2736 508 2810 quia
525 2744 660 2811 quartana
677 2756 791 2817 quoque
809 2743 901 2799 timeri
919 2749 1032 2820 potest:
1051 2752 1086 2801 et
1103 2743 1148 2803 die
1191 2779 1192 2806 ι

140 2826 242 2896 quarto
260 2817 379 2893 demum,
395 2819 419 2874 si
434 2835 540 2898 corpus
556 2821 697 2896 integrum
713 2833 775 2900 est,
799 2841 835 2884 eo
856 2842 918 2884 curn
938 2824 1042 2884 liducia
1062 2836 1147 2886 uten-

141 2901 215 2960 dum.
244 2903 358 2960 sivero
374 2909 508 2978 postero,
525 2904 664 2979 tertiove,
682 2915 841 2985 autquarta
857 2907 903 2966 die
915 2916 1034 2986 sequuta
1047 2908 1147 2968 febris

141 2993 194 3058 est,
212 2987 287 3044 scire
303 2983 372 3042 licet
386 2983 514 3044 morbum
530 3005 606 3046 esse.
637 2988 694 3049 Sed
712 2993 908 3068 tertianarum,
926 3000 1174 3069 quartanarum-a

140 3083 206 3146 que,
222 3084 339 3146 quarum
356 3077 385 3127 et
401 3078 497 3128 certus
514 3072 676 3132 circumitus
690 3083 745 3146 est,
762 3083 790 3132 ει
805 3075 868 3132 finis
883 3077 1005 3152 integer,
1021 3083 1050 3133 et
1067 3076 1144 3134 libe-

138 3150 239 3208 raliter
253 3152 348 3228 quleta
363 3161 492 3230 tempora
506 3164 580 3230 sunt,
591 3156 754 3233 expeditior
765 3159 837 3217 ratio
850 3167 907 3218 est:
922 3159 957 3218 de
972 3158 1077 3235 quibus
1087 3177 1143 3218 suo

139 3231 207 3292 loco
222 3233 315 3293 dicam
323 3234 377 3311 (ci.
385 3253 471 3314 capp.
484 3239 520 3298 13
530 3238 624 3317 sopp).
643 3239 725 3300 Nunc
743 3258 813 3299 vero
829 3259 879 3300 eas
892 3241 1047 3319 explicabo
1062 3261 1142 3321 quae

139 3317 266 3396 quotidie
282 3327 395 3394 argent.
415 3319 505 3394 Igitur
517 3325 601 3380 tertio
616 3340 730 3400 quoque
746 3324 791 3383 die
807 3324 887 3383 cibus
900 3342 991 3401 aegro
1009 3343 1140 3386 commo·

137 3400 253 3461 dissime
267 3401 347 3461 datur
356 3401 410 3481 (cf.
424 3401 549 3481 111,13):
567 3414 596 3464 ut
608 3405 680 3464 alter
691 3405 800 3466 febrem
812 3409 926 3492 minuat,
939 3408 1013 3468 alter
1026 3410 1168 3470 viribnscs
