2372 3892
346 218 728 269 mmwmm.
964 207 1024 270 m

44 391 135 454 vapor
159 391 252 454 aquae
270 374 384 435 calidae
406 373 603 450 subjiciendus
624 377 685 433 est:
711 373 815 434 deinde
836 373 1025 436 adhibendum

44 468 90 520 sut
109 459 214 534 lycium
234 477 271 518 ex
294 461 361 518 vino
384 458 517 534 dilatum,
544 459 591 518 aut
610 475 742 535 amurca,
767 466 814 517 aut
835 457 1024 536 omphacium,

45 552 90 602 aut
110 552 239 620 mentae,
263 552 310 602 ant
324 543 459 602 marrubii
475 561 595 611 succus;
616 551 663 601 aut
679 551 863 603 atramentum
880 545 1024 618 sutorium,

44 626 118 705 quod
139 629 265 688 candens
286 627 409 702 iactum,
441 626 544 688 deiude
570 628 720 687 contritum
748 628 800 695 sit;
833 635 881 686 aut
908 627 1026 688 interior

24 710 143 772 ascillae
165 720 233 790 pars
256 712 394 786 contrita,
416 711 474 786 sio,
495 719 525 770 ut
541 710 642 769 horum
660 709 777 770 cuilibet
790 709 846 770 mel
862 711 1024 788 adjiciatur:

45 795 123 869 cujus
144 797 172 854 iu
194 797 301 856 ceteris
323 794 471 855 admodum
493 797 596 871 exigua
620 811 768 871 porsessa
785 793 886 862 debet:
908 796 937 854 in
953 803 1025 854 atra·

47 887 136 940 mento
158 881 268 940 sutorio
291 887 381 955 tanta,
404 887 435 938 ut
457 894 491 938 ea
512 881 634 938 mixtura
656 877 762 956 liquida
780 878 841 947 iiat;
865 895 926 937 cum
943 877 1026 938 scilla

47 964 140 1040 utique
161 979 229 1042 pars
249 963 351 1038 major.
386 962 651 1040 Involvendumque
667 963 730 1022 lana
746 962 895 1041 specillum
914 970 972 1034 est,
998 969 1027 1020 et

48 1047 74 1106 ia
87 1063 120 1106 eo
133 1047 345 1107 medicamento
360 1047 542 1124 tingendum,
560 1064 655 1124 eoque
670 1047 768 1105 ulcera
786 1045 929 1123 implenda
945 1053 1024 1104 sunt:

18 1147 199 1208 aorursusque
220 1131 401 1190 linamentum
425 1131 580 1190 involutum
600 1139 629 1190 et
649 1129 806 1207 oblongum
822 1129 923 1190 eodem
939 1129 1026 1188 medi·

48 1223 171 1274 cameuto
195 1213 378 1289 illinendum,
403 1213 664 1292 demittendumque
682 1215 709 1272 in
725 1232 838 1290 narem,
861 1221 890 1272 et
905 1213 941 1272 ab
955 1211 1027 1272 iaie·

48 1297 118 1357 aiore
140 1306 223 1376 parte
248 1296 352 1357 leniter
371 1296 564 1374 deligandum.
600 1297 691 1375 idque
712 1315 765 1375 per
785 1297 906 1357 hiemem
926 1306 955 1356 et
975 1313 1028 1356 ver

49 1378 89 1439 bis
103 1381 161 1449 die;
186 1396 240 1458 per
254 1389 394 1439 aestatem
410 1389 440 1439 et
456 1388 616 1439 autumnum
630 1388 674 1439 ter
691 1380 737 1439 die
753 1381 815 1439 lieri
831 1381 926 1440 debet.

105 1463 133 1522 2.
158 1463 304 1524 luterdaur
326 1480 398 1522 vero
419 1464 448 1522 in
468 1463 583 1522 naribus
601 1465 684 1523 etiarn
700 1463 872 1524 carunculae
888 1463 1028 1540 quaedam

21 1546 152 1607 assimiles
173 1546 360 1607 muliebribus
381 1548 507 1606 mammis
528 1556 697 1614 nascuntur;
726 1564 837 1624 eaeque
859 1547 920 1606 imis
941 1547 1027 1624 parti·

52 1627 106 1705 bus,
120 1648 193 1709 quae
207 1632 429 1691 carnosissimae
443 1639 518 1706 sunt,
534 1629 692 1690 inhaerent.
728 1629 786 1690 llas
800 1648 900 1690 curare
912 1637 1029 1707 oportet

51 1711 259 1774 medicamentis
277 1714 478 1791 adurentibus,
499 1712 552 1773 sub
567 1714 670 1792 quibus
686 1732 723 1772 ex
739 1723 799 1774 toto
815 1722 1028 1774 consumuntur.

51 1795 169 1876 Polypus
195 1815 267 1857 vero
294 1807 338 1858 est
365 1797 518 1858 camuncula
545 1796 630 1856 modo
656 1798 740 1876 alba,
769 1797 853 1857 modo
877 1796 1028 1870 subrubra,

52 1897 119 1959 quae
141 1883 249 1942 uarium
273 1882 388 1942 ossibus
413 1882 559 1951 inhaerat;
591 1899 626 1940 ac
645 1882 730 1941 modo
753 1881 787 1941 ad
808 1881 888 1941 labra
908 1881 1029 1941 tendens

22 1979 140 2024 sonarem
160 1967 278 2044 implet,
299 1965 385 2026 modo
408 1975 486 2024 retro
506 1983 559 2044 per
579 1966 608 2025 id
625 1966 772 2044 foramen,
797 1983 854 2045 quo
875 1967 991 2043 spiritus
1013 1981 1029 2023 a

18 2123 21 2130 Ι
52 2048 159 2108 naribus
179 2050 214 2110 ud
237 2050 337 2109 lauces
359 2048 523 2124 descendit,
547 2049 621 2110 adeo
637 2050 787 2125 increscit,
810 2050 848 2108 uti
865 2058 1029 2127 postauam

54 2135 175 2212 conspici
194 2135 303 2212 possit3
325 2132 543 2211 strangulatque
557 2131 716 2209 hominem,
733 2134 854 2192 maxime
870 2141 966 2190 austro
983 2139 1031 2190 aut

54 2233 116 2277 euro
136 2217 239 2278 dante:
267 2217 388 2295 fereque
408 2217 503 2276 mollis
526 2225 587 2292 est,
616 2233 682 2276 raro
706 2215 789 2284 dura:
824 2232 917 2292 eaque
937 2215 1029 2290 magis
1128 2277 1130 2282 Α

54 2300 171 2378 spiritum
192 2301 327 2381 impedit,
352 2309 381 2360 et
401 2318 487 2360 nares
509 2300 620 2368 dilatam
644 2316 719 2376 quiae
742 2299 804 2358 iere
822 2289 1030 2377 καρκινώὸης

24 2393 107 2454 uest3
125 2387 219 2464 itaque
236 2386 337 2462 attingi
353 2401 410 2444 non
427 2383 525 2444 debet.
546 2383 621 2443 lllud
636 2382 712 2442 aliud
727 2400 821 2460 genus
837 2383 899 2441 iere
915 2380 1030 2459 quidem

53 2465 124 2528 ierro
143 2477 271 2538 curatum
292 2469 431 2528 interdum
453 2477 547 2527 tamen
564 2467 716 2543 inarescit,
738 2467 761 2524 si
778 2465 871 2526 addita
888 2466 915 2524 in
933 2481 1031 2525 narem

53 2567 100 2628 par
114 2552 293 2613 linamentum
309 2563 357 2613 aut
367 2549 537 2630 ‘penicillum
550 2569 584 2612 ea
598 2551 770 2629 compositio
782 2559 843 2624 est,
859 2566 933 2627 quae
944 2547 1031 2610 habet

53 2636 120 2694 ninii
135 2637 272 2716 sinopici,
290 2636 469 2714 chalcitidis,
493 2636 600 2711 calcis,
622 2634 832 2712 sandarachae,
855 2632 1031 2710 singulorum

54 2733 79 2794 p.
93 2717 145 2798 )·(.
161 2733 184 2780 1.
200 2721 350 2782 atramenti
368 2721 471 2780 sutorii
486 2738 515 2800 p.
530 2719 587 2800 )·(.
605 2732 640 2779 11.

26 2965 47 3006 u
221 2941 229 2954 ’
379 2958 586 3020 chenu
623 2959 700 3020 ax.

397 3073 433 3124 De
450 3075 562 3124 dentium
581 3075 676 3124 dolore.

110 3217 140 3279 ln
159 3221 280 3286 dentium
298 3234 392 3286 autem
407 3223 525 3302 dolore,
551 3225 599 3304 qai
613 3227 678 3304 ipse
695 3240 811 3304 quoque
828 3221 958 3282 maximis
974 3229 1032 3280 tor·

57 3304 149 3362 nentis
168 3309 347 3370 annumerari
368 3317 482 3387 potest,
508 3309 603 3367 vinum
626 3325 663 3368 ex
683 3317 745 3368 toto
773 3304 1033 3368 circumcidendum
1137 3377 1143 3392 x

58 3392 109 3453 til:
130 3404 146 3447 a
166 3391 231 3468 cibo
254 3409 370 3472 qnoque
392 3395 483 3472 primo
506 3391 720 3468 abstinendum,
742 3392 845 3451 deinde
868 3386 1032 3449 eo'modico

32 3467 193 3550 auolliquc.
205 3478 354 3553 utendum,
376 3495 412 3538 ne
433 3476 592 3561 mandentis
613 3477 714 3538 dentes
731 3477 836 3546 irritet:
856 3483 914 3533 turn
928 3469 1033 3531 extrin-
