<?xml version="1.0" encoding="UTF-8"?>
<!DOCTYPE html PUBLIC "-//W3C//DTD XHTML 1.0 Transitional//EN"
    "http://www.w3.org/TR/xhtml1/DTD/xhtml1-transitional.dtd">
<html xmlns="http://www.w3.org/1999/xhtml" xml:lang="en" lang="en">
 <head>
  <title>
</title>
<meta http-equiv="Content-Type" content="text/html;charset=utf-8" />
  <meta name='ocr-system' content='tesseract 3.04.00' />
  <meta name='ocr-capabilities' content='ocr_page ocr_carea ocr_par ocr_line ocrx_word'/>
</head>
<body>
  <div class='ocr_page' id='page_1' title='image "./demedicinalibri00daregoog_0187.png"; bbox 0 0 2392 3906; ppageno 0'>
   <div class='ocr_carea' id='block_1_1' title="bbox 415 165 1068 265">
    <p class='ocr_par' dir='ltr' id='par_1_1' title="bbox 415 165 1068 265">
     <span class='ocr_line' id='line_1_1' title="bbox 415 165 1068 265; baseline 0 -19"><span class='ocrx_word' id='word_1_1' title='bbox 415 195 485 247; x_wconf 79' lang='lat' dir='ltr'><strong>ure.</strong></span> <span class='ocrx_word' id='word_1_2' title='bbox 503 198 549 246; x_wconf 84' lang='lat' dir='ltr'><strong>tv.</strong></span> <span class='ocrx_word' id='word_1_3' title='bbox 573 197 649 265; x_wconf 66' lang='lat' dir='ltr'><strong>cuc.</strong></span> <span class='ocrx_word' id='word_1_4' title='bbox 666 199 726 246; x_wconf 86' lang='lat' dir='ltr'><strong>xu.</strong></span> <span class='ocrx_word' id='word_1_5' title='bbox 842 165 846 182; x_wconf 89' lang='lat'><em>&#39;</em></span> <span class='ocrx_word' id='word_1_6' title='bbox 1011 187 1068 248; x_wconf 87' lang='lat'><strong>135</strong></span> 
     </span>
    </p>
   </div>
   <div class='ocr_carea' id='block_1_2' title="bbox 24 351 1135 2196">
    <p class='ocr_par' dir='ltr' id='par_1_2' title="bbox 24 351 1135 2196">
     <span class='ocr_line' id='line_1_2' title="bbox 60 351 1069 430; baseline 0.003 -20"><span class='ocrx_word' id='word_1_7' title='bbox 60 353 97 412; x_wconf 92' lang='lat' dir='ltr'><strong>id</strong></span> <span class='ocrx_word' id='word_1_8' title='bbox 117 353 243 430; x_wconf 78' lang='lat' dir='ltr'>spongia</span> <span class='ocrx_word' id='word_1_9' title='bbox 260 351 379 412; x_wconf 80' lang='lat' dir='ltr'>subinde</span> <span class='ocrx_word' id='word_1_10' title='bbox 395 351 631 428; x_wconf 77' lang='lat' dir='ltr'><strong>refrigerendum.</strong></span> <span class='ocrx_word' id='word_1_11' title='bbox 665 351 854 415; x_wconf 78' lang='lat' dir='ltr'><strong>Erasistratus</strong></span> <span class='ocrx_word' id='word_1_12' title='bbox 870 353 968 416; x_wconf 91' lang='lat' dir='ltr'><strong>borum</strong></span> <span class='ocrx_word' id='word_1_13' title='bbox 987 371 1069 414; x_wconf 85' lang='lat' dir='ltr'><strong>crura</strong></span> 
     </span>
     <span class='ocr_line' id='line_1_3' title="bbox 61 435 1069 515; baseline 0.003 -21"><span class='ocrx_word' id='word_1_14' title='bbox 61 453 194 514; x_wconf 88' lang='lat' dir='ltr'><strong>quoque</strong></span> <span class='ocrx_word' id='word_1_15' title='bbox 216 445 245 494; x_wconf 90' lang='lat' dir='ltr'><strong>et</strong></span> <span class='ocrx_word' id='word_1_16' title='bbox 267 436 377 496; x_wconf 88' lang='lat' dir='ltr'><strong>iemora</strong></span> <span class='ocrx_word' id='word_1_17' title='bbox 398 435 573 513; x_wconf 83' lang='lat' dir='ltr'><strong>brachiaque</strong></span> <span class='ocrx_word' id='word_1_18' title='bbox 596 435 728 514; x_wconf 89' lang='lat' dir='ltr'><strong>pluribus</strong></span> <span class='ocrx_word' id='word_1_19' title='bbox 749 437 823 498; x_wconf 91' lang='lat' dir='ltr'><strong>locis</strong></span> <span class='ocrx_word' id='word_1_20' title='bbox 845 438 1001 515; x_wconf 81' lang='lat' dir='ltr'><strong>deligebat.</strong></span> <span class='ocrx_word' id='word_1_21' title='bbox 1038 438 1069 498; x_wconf 94' lang='lat' dir='ltr'><strong>ld</strong></span> 
     </span>
     <span class='ocr_line' id='line_1_4' title="bbox 62 519 1068 662; baseline 0.002 -82"><span class='ocrx_word' id='word_1_22' title='bbox 62 519 287 662; x_wconf 60' lang='lat' dir='ltr'><strong>Asclepicdfem</strong></span> <span class='ocrx_word' id='word_1_23' title='bbox 311 521 385 580; x_wconf 83' lang='lat' dir='ltr'><strong>sdec</strong></span> <span class='ocrx_word' id='word_1_24' title='bbox 406 538 465 580; x_wconf 89' lang='lat' dir='ltr'><strong>uon</strong></span> <span class='ocrx_word' id='word_1_25' title='bbox 484 521 640 597; x_wconf 78' lang='lat' dir='ltr'><strong>prodesse,</strong></span> <span class='ocrx_word' id='word_1_26' title='bbox 664 523 772 582; x_wconf 89' lang='lat' dir='ltr'><strong>etiam</strong></span> <span class='ocrx_word' id='word_1_27' title='bbox 764 523 903 582; x_wconf 89' lang='lat' dir='ltr'><strong>mimicum</strong></span> <span class='ocrx_word' id='word_1_28' title='bbox 919 541 987 583; x_wconf 88' lang='lat' dir='ltr'><strong>esso</strong></span> <span class='ocrx_word' id='word_1_29' title='bbox 1003 540 1068 602; x_wconf 91' lang='lat' dir='ltr'><strong>pro·</strong></span> 
     </span>
     <span class='ocr_line' id='line_1_5' title="bbox 62 601 1068 686; baseline 0.004 -24"><span class='ocrx_word' id='word_1_30' title='bbox 62 603 250 682; x_wconf 84' lang='lat' dir='ltr'><strong>posuit(oi</strong></span> <span class='ocrx_word' id='word_1_31' title='bbox 268 602 355 664; x_wconf 83' lang='lat' dir='ltr'><strong>ttaet.</strong></span> <span class='ocrx_word' id='word_1_32' title='bbox 365 604 435 664; x_wconf 82' lang='lat' dir='ltr'><strong>Aur</strong></span> <span class='ocrx_word' id='word_1_33' title='bbox 455 601 567 666; x_wconf 74' lang='lat' dir='ltr'><strong>curan.</strong></span> <span class='ocrx_word' id='word_1_34' title='bbox 584 604 627 679; x_wconf 89' lang='lat' dir='ltr'><strong>ll,</strong></span> <span class='ocrx_word' id='word_1_35' title='bbox 650 606 716 683; x_wconf 87' lang='lat'><strong>13)</strong></span> <span class='ocrx_word' id='word_1_36' title='bbox 753 607 811 666; x_wconf 86' lang='lat' dir='ltr'><strong>Sed</strong></span> <span class='ocrx_word' id='word_1_37' title='bbox 830 606 858 667; x_wconf 90' lang='lat' dir='ltr'><strong>id</strong></span> <span class='ocrx_word' id='word_1_38' title='bbox 876 625 968 686; x_wconf 82' lang='lat' dir='ltr'><strong>saepe</strong></span> <span class='ocrx_word' id='word_1_39' title='bbox 992 625 1068 666; x_wconf 91' lang='lat' dir='ltr'><strong>com·</strong></span> 
     </span>
     <span class='ocr_line' id='line_1_6' title="bbox 30 686 1067 790; baseline 0.003 -44"><span class='ocrx_word' id='word_1_40' title='bbox 30 705 46 746; x_wconf 79' lang='lat' dir='ltr'><strong>s</strong></span> <span class='ocrx_word' id='word_1_41' title='bbox 63 686 163 747; x_wconf 89' lang='lat' dir='ltr'><strong>mode</strong></span> <span class='ocrx_word' id='word_1_42' title='bbox 178 688 357 765; x_wconf 86' lang='lat' dir='ltr'><strong>respondere</strong></span> <span class='ocrx_word' id='word_1_43' title='bbox 374 689 570 767; x_wconf 85' lang='lat' dir='ltr'><strong>experimenta</strong></span> <span class='ocrx_word' id='word_1_44' title='bbox 587 697 735 750; x_wconf 71' lang='lat' dir='ltr'>testantur.</span> <span class='ocrx_word' id='word_1_45' title='bbox 772 689 875 768; x_wconf 86' lang='lat' dir='ltr'><strong>Neque</strong></span> <span class='ocrx_word' id='word_1_46' title='bbox 897 700 991 750; x_wconf 86' lang='lat' dir='ltr'><strong>temen</strong></span> <span class='ocrx_word' id='word_1_47' title='bbox 1007 691 1067 790; x_wconf 90' lang='lat' dir='ltr'><strong>plu·</strong></span> 
     </span>
     <span class='ocr_line' id='line_1_7' title="bbox 61 771 1068 850; baseline 0.004 -20"><span class='ocrx_word' id='word_1_48' title='bbox 61 771 156 831; x_wconf 87' lang='lat' dir='ltr'><strong>ribus</strong></span> <span class='ocrx_word' id='word_1_49' title='bbox 180 771 254 830; x_wconf 90' lang='lat' dir='ltr'><strong>locis</strong></span> <span class='ocrx_word' id='word_1_50' title='bbox 274 771 396 848; x_wconf 82' lang='lat' dir='ltr'><strong>deligari</strong></span> <span class='ocrx_word' id='word_1_51' title='bbox 417 791 540 834; x_wconf 88' lang='lat' dir='ltr'><strong>necesse</strong></span> <span class='ocrx_word' id='word_1_52' title='bbox 564 781 621 832; x_wconf 91' lang='lat' dir='ltr'><strong>est:</strong></span> <span class='ocrx_word' id='word_1_53' title='bbox 644 773 696 832; x_wconf 88' lang='lat' dir='ltr'><strong>sed</strong></span> <span class='ocrx_word' id='word_1_54' title='bbox 712 775 782 832; x_wconf 83' lang='lat' dir='ltr'><strong>setis</strong></span> <span class='ocrx_word' id='word_1_55' title='bbox 798 785 843 834; x_wconf 87' lang='lat' dir='ltr'><strong>est</strong></span> <span class='ocrx_word' id='word_1_56' title='bbox 857 775 952 834; x_wconf 87' lang='lat' dir='ltr'><strong>inira</strong></span> <span class='ocrx_word' id='word_1_57' title='bbox 945 776 1068 850; x_wconf 83' lang='lat' dir='ltr'><strong>unguina,</strong></span> 
     </span>
     <span class='ocr_line' id='line_1_8' title="bbox 60 854 1135 934; baseline 0 -20"><span class='ocrx_word' id='word_1_58' title='bbox 60 864 100 914; x_wconf 89' lang='lat' dir='ltr'><strong>et</strong></span> <span class='ocrx_word' id='word_1_59' title='bbox 116 872 210 934; x_wconf 89' lang='lat' dir='ltr'><strong>super</strong></span> <span class='ocrx_word' id='word_1_60' title='bbox 225 854 314 931; x_wconf 88' lang='lat' dir='ltr'><strong>talos,</strong></span> <span class='ocrx_word' id='word_1_61' title='bbox 330 874 512 933; x_wconf 89' lang='lat' dir='ltr'><strong>summosque</strong></span> <span class='ocrx_word' id='word_1_62' title='bbox 525 856 676 930; x_wconf 87' lang='lat' dir='ltr'><strong>humeros</strong></span> <span class='ocrx_word' id='word_1_63' title='bbox 693 859 778 918; x_wconf 82' lang='lat' dir='ltr'><strong>etiem</strong></span> <span class='ocrx_word' id='word_1_64' title='bbox 793 857 921 918; x_wconf 85' lang='lat' dir='ltr'><strong>brachia</strong></span> <span class='ocrx_word' id='word_1_65' title='bbox 942 857 1028 931; x_wconf 88' lang='lat' dir='ltr'><strong>Tum,</strong></span> <span class='ocrx_word' id='word_1_66' title='bbox 1045 858 1070 914; x_wconf 90' lang='lat' dir='ltr'><strong>si</strong></span> <span class='ocrx_word' id='word_1_67' title='bbox 1131 917 1135 926; x_wconf 74' lang='grc'>,</span> 
     </span>
     <span class='ocr_line' id='line_1_9' title="bbox 63 937 1070 1020; baseline 0.002 -22"><span class='ocrx_word' id='word_1_68' title='bbox 63 937 168 998; x_wconf 86' lang='lat' dir='ltr'><strong>febris</strong></span> <span class='ocrx_word' id='word_1_69' title='bbox 184 948 285 1016; x_wconf 78' lang='lat' dir='ltr'><strong>urget,</strong></span> <span class='ocrx_word' id='word_1_70' title='bbox 301 939 392 1000; x_wconf 89' lang='lat' dir='ltr'><strong>danda</strong></span> <span class='ocrx_word' id='word_1_71' title='bbox 409 951 453 1000; x_wconf 89' lang='lat' dir='ltr'><strong>est</strong></span> <span class='ocrx_word' id='word_1_72' title='bbox 465 939 597 1016; x_wconf 87' lang='lat' dir='ltr'><strong>sorbitio,</strong></span> <span class='ocrx_word' id='word_1_73' title='bbox 613 950 642 1000; x_wconf 89' lang='lat' dir='ltr'><strong>et</strong></span> <span class='ocrx_word' id='word_1_74' title='bbox 657 942 736 1019; x_wconf 90' lang='lat' dir='ltr'><strong>potui</strong></span> <span class='ocrx_word' id='word_1_75' title='bbox 748 959 838 1020; x_wconf 85' lang='lat' dir='ltr'><strong>aqua,</strong></span> <span class='ocrx_word' id='word_1_76' title='bbox 856 943 883 1000; x_wconf 91' lang='lat' dir='ltr'><strong>iu</strong></span> <span class='ocrx_word' id='word_1_77' title='bbox 896 958 951 1018; x_wconf 88' lang='lat' dir='ltr'><strong>qua</strong></span> <span class='ocrx_word' id='word_1_78' title='bbox 964 941 1070 1018; x_wconf 88' lang='lat' dir='ltr'><strong>aliquid</strong></span> 
     </span>
     <span class='ocr_line' id='line_1_10' title="bbox 64 1024 1070 1102; baseline -0.001 -20"><span class='ocrx_word' id='word_1_79' title='bbox 64 1025 186 1100; x_wconf 85' lang='lat' dir='ltr'><strong>exiis,</strong></span> <span class='ocrx_word' id='word_1_80' title='bbox 211 1041 284 1102; x_wconf 91' lang='lat' dir='ltr'><strong>quae</strong></span> <span class='ocrx_word' id='word_1_81' title='bbox 306 1024 399 1083; x_wconf 90' lang='lat' dir='ltr'><strong>alvum</strong></span> <span class='ocrx_word' id='word_1_82' title='bbox 421 1025 616 1102; x_wconf 80' lang='lat' dir='ltr'><strong>adstringunt,</strong></span> <span class='ocrx_word' id='word_1_83' title='bbox 640 1026 791 1086; x_wconf 87' lang='lat' dir='ltr'><strong>decoctum</strong></span> <span class='ocrx_word' id='word_1_84' title='bbox 814 1027 865 1086; x_wconf 91' lang='lat' dir='ltr'><strong>sit:</strong></span> <span class='ocrx_word' id='word_1_85' title='bbox 894 1033 923 1088; x_wconf 83' lang='lat' dir='ltr'><strong>at</strong></span> <span class='ocrx_word' id='word_1_86' title='bbox 944 1027 966 1083; x_wconf 89' lang='lat' dir='ltr'><strong>si</strong></span> <span class='ocrx_word' id='word_1_87' title='bbox 987 1024 1070 1084; x_wconf 90' lang='lat' dir='ltr'><strong>abest</strong></span> 
     </span>
     <span class='ocr_line' id='line_1_11' title="bbox 24 1106 1070 1188; baseline 0.002 -22"><span class='ocrx_word' id='word_1_88' title='bbox 24 1106 185 1183; x_wconf 78' lang='lat' dir='ltr'><strong>rofebris,</strong></span> <span class='ocrx_word' id='word_1_89' title='bbox 206 1107 253 1168; x_wconf 89' lang='lat' dir='ltr'><strong>vel</strong></span> <span class='ocrx_word' id='word_1_90' title='bbox 274 1108 351 1168; x_wconf 87' lang='lat' dir='ltr'><strong>elota</strong></span> <span class='ocrx_word' id='word_1_91' title='bbox 372 1107 461 1185; x_wconf 86' lang='lat' dir='ltr'><strong>alica,</strong></span> <span class='ocrx_word' id='word_1_92' title='bbox 483 1109 530 1169; x_wconf 84' lang='lat' dir='ltr'><strong>vel</strong></span> <span class='ocrx_word' id='word_1_93' title='bbox 555 1110 635 1188; x_wconf 88' lang='lat' dir='ltr'><strong>panis</strong></span> <span class='ocrx_word' id='word_1_94' title='bbox 653 1127 689 1168; x_wconf 83' lang='lat' dir='ltr'><strong>ex</strong></span> <span class='ocrx_word' id='word_1_95' title='bbox 705 1127 778 1186; x_wconf 83' lang='lat' dir='ltr'><strong>aqua</strong></span> <span class='ocrx_word' id='word_1_96' title='bbox 793 1109 915 1186; x_wconf 79' lang='lat' dir='ltr'><strong>frigide,</strong></span> <span class='ocrx_word' id='word_1_97' title='bbox 938 1118 967 1168; x_wconf 90' lang='lat' dir='ltr'><strong>et</strong></span> <span class='ocrx_word' id='word_1_98' title='bbox 982 1108 1070 1168; x_wconf 89' lang='lat' dir='ltr'><strong>molle</strong></span> 
     </span>
     <span class='ocr_line' id='line_1_12' title="bbox 65 1191 1069 1290; baseline 0 -40"><span class='ocrx_word' id='word_1_99' title='bbox 65 1207 194 1268; x_wconf 90' lang='lat' dir='ltr'><strong>quoque</strong></span> <span class='ocrx_word' id='word_1_100' title='bbox 218 1209 301 1250; x_wconf 82' lang='lat' dir='ltr'><strong>ovum</strong></span> <span class='ocrx_word' id='word_1_101' title='bbox 322 1191 383 1252; x_wconf 87' lang='lat' dir='ltr'><strong>dari</strong></span> <span class='ocrx_word' id='word_1_102' title='bbox 403 1201 515 1270; x_wconf 84' lang='lat' dir='ltr'><strong>potest;</strong></span> <span class='ocrx_word' id='word_1_103' title='bbox 539 1195 618 1271; x_wconf 91' lang='lat' dir='ltr'><strong>potui</strong></span> <span class='ocrx_word' id='word_1_104' title='bbox 640 1192 687 1252; x_wconf 89' lang='lat' dir='ltr'><strong>vel</strong></span> <span class='ocrx_word' id='word_1_105' title='bbox 708 1193 781 1254; x_wconf 89' lang='lat' dir='ltr'><strong>idem</strong></span> <span class='ocrx_word' id='word_1_106' title='bbox 804 1193 881 1271; x_wconf 92' lang='lat' dir='ltr'><strong>quod</strong></span> <span class='ocrx_word' id='word_1_107' title='bbox 897 1210 984 1290; x_wconf 83' lang='lat' dir='ltr'><strong>supra</strong></span> <span class='ocrx_word' id='word_1_108' title='bbox 999 1193 1069 1252; x_wconf 88' lang='lat' dir='ltr'><strong>scri·</strong></span> 
     </span>
     <span class='ocr_line' id='line_1_13' title="bbox 70 1275 1069 1354; baseline 0 -20"><span class='ocrx_word' id='word_1_109' title='bbox 70 1284 157 1352; x_wconf 88' lang='lat' dir='ltr'><strong>ptum</strong></span> <span class='ocrx_word' id='word_1_110' title='bbox 171 1283 230 1351; x_wconf 87' lang='lat' dir='ltr'><strong>est,</strong></span> <span class='ocrx_word' id='word_1_111' title='bbox 246 1275 293 1334; x_wconf 88' lang='lat' dir='ltr'><strong>vel</strong></span> <span class='ocrx_word' id='word_1_112' title='bbox 310 1277 404 1334; x_wconf 91' lang='lat' dir='ltr'><strong>viuum</strong></span> <span class='ocrx_word' id='word_1_113' title='bbox 420 1277 522 1351; x_wconf 87' lang='lat' dir='ltr'><strong>dulce,</strong></span> <span class='ocrx_word' id='word_1_114' title='bbox 546 1277 591 1336; x_wconf 86' lang='lat' dir='ltr'><strong>vei</strong></span> <span class='ocrx_word' id='word_1_115' title='bbox 604 1295 676 1354; x_wconf 86' lang='lat' dir='ltr'><strong>equa</strong></span> <span class='ocrx_word' id='word_1_116' title='bbox 693 1276 805 1352; x_wconf 80' lang='lat' dir='ltr'><strong>frigida.</strong></span> <span class='ocrx_word' id='word_1_117' title='bbox 840 1277 937 1338; x_wconf 88' lang='lat' dir='ltr'><strong>Sed&#39;</strong></span> <span class='ocrx_word' id='word_1_118' title='bbox 914 1296 956 1336; x_wconf 84' lang='lat' dir='ltr'><strong>stc</strong></span> <span class='ocrx_word' id='word_1_119' title='bbox 974 1276 1069 1334; x_wconf 90' lang='lat' dir='ltr'><strong>biben-</strong></span> 
     </span>
     <span class='ocr_line' id='line_1_14' title="bbox 67 1359 1071 1440; baseline -0.002 -20"><span class='ocrx_word' id='word_1_120' title='bbox 67 1359 141 1420; x_wconf 89' lang='lat' dir='ltr'><strong>dum</strong></span> <span class='ocrx_word' id='word_1_121' title='bbox 164 1359 234 1435; x_wconf 87' lang='lat' dir='ltr'><strong>erit,</strong></span> <span class='ocrx_word' id='word_1_122' title='bbox 258 1369 288 1418; x_wconf 89' lang='lat' dir='ltr'><strong>ut</strong></span> <span class='ocrx_word' id='word_1_123' title='bbox 310 1360 433 1422; x_wconf 87' lang='lat' dir='ltr'><strong>sciamus</strong></span> <span class='ocrx_word' id='word_1_124' title='bbox 455 1360 520 1420; x_wconf 90' lang='lat' dir='ltr'><strong>huie</strong></span> <span class='ocrx_word' id='word_1_125' title='bbox 542 1360 644 1421; x_wconf 89' lang='lat' dir='ltr'><strong>morbo</strong></span> <span class='ocrx_word' id='word_1_126' title='bbox 663 1362 738 1430; x_wconf 84' lang='lat' dir='ltr'><strong>sitim</strong></span> <span class='ocrx_word' id='word_1_127' title='bbox 760 1361 913 1440; x_wconf 75' lang='lat' dir='ltr'><strong>prodesse.</strong></span> <span class='ocrx_word' id='word_1_128' title='bbox 952 1361 1071 1420; x_wconf 78' lang='lat' dir='ltr'><strong>Praeter</strong></span> 
     </span>
     <span class='ocr_line' id='line_1_15' title="bbox 67 1443 1070 1522; baseline -0.002 -20"><span class='ocrx_word' id='word_1_129' title='bbox 67 1443 152 1502; x_wconf 88' lang='lat' dir='ltr'><strong>haec</strong></span> <span class='ocrx_word' id='word_1_130' title='bbox 177 1445 343 1504; x_wconf 86' lang='lat' dir='ltr'><strong>necessarie</strong></span> <span class='ocrx_word' id='word_1_131' title='bbox 370 1453 435 1506; x_wconf 86' lang='lat' dir='ltr'><strong>suut</strong></span> <span class='ocrx_word' id='word_1_132' title='bbox 460 1445 558 1520; x_wconf 89' lang='lat' dir='ltr'><strong>quies,</strong></span> <span class='ocrx_word' id='word_1_133' title='bbox 592 1446 749 1520; x_wconf 74' lang='lat' dir='ltr'><strong>securitas,</strong></span> <span class='ocrx_word' id='word_1_134' title='bbox 780 1444 933 1504; x_wconf 84' lang='lat' dir='ltr'><strong>silentium.</strong></span> <span class='ocrx_word' id='word_1_135' title='bbox 977 1443 1070 1522; x_wconf 85' lang='lat' dir='ltr'><strong>Caput</strong></span> 
     </span>
     <span class='ocr_line' id='line_1_16' title="bbox 30 1525 1069 1606; baseline -0.005 -18"><span class='ocrx_word' id='word_1_136' title='bbox 30 1548 57 1588; x_wconf 81' lang='lat' dir='ltr'><strong>rs</strong></span> <span class='ocrx_word' id='word_1_137' title='bbox 68 1525 161 1602; x_wconf 83' lang='lat' dir='ltr'><strong>hujus</strong></span> <span class='ocrx_word' id='word_1_138' title='bbox 174 1543 288 1605; x_wconf 88' lang='lat' dir='ltr'><strong>qnoque</strong></span> <span class='ocrx_word' id='word_1_139' title='bbox 300 1527 430 1588; x_wconf 81' lang='lat' dir='ltr'><strong>euhantis</strong></span> <span class='ocrx_word' id='word_1_140' title='bbox 443 1527 562 1588; x_wconf 88' lang='lat' dir='ltr'><strong>sublime</strong></span> <span class='ocrx_word' id='word_1_141' title='bbox 575 1547 642 1588; x_wconf 89' lang='lat' dir='ltr'><strong>esse</strong></span> <span class='ocrx_word' id='word_1_142' title='bbox 655 1527 757 1596; x_wconf 73' lang='lat' dir='ltr'><strong>debet:</strong></span> <span class='ocrx_word' id='word_1_143' title='bbox 774 1537 914 1606; x_wconf 90' lang='lat' dir='ltr'><strong>recteque</strong></span> <span class='ocrx_word' id='word_1_144' title='bbox 926 1528 1069 1586; x_wconf 88' lang='lat' dir='ltr'><strong>tondetur.</strong></span> 
     </span>
     <span class='ocr_line' id='line_1_17' title="bbox 67 1609 1070 1690; baseline -0.002 -20"><span class='ocrx_word' id='word_1_145' title='bbox 67 1609 181 1670; x_wconf 82' lang='lat' dir='ltr'><strong>Facies</strong></span> <span class='ocrx_word' id='word_1_146' title='bbox 195 1629 285 1688; x_wconf 81' lang='lat' dir='ltr'><strong>saepe</strong></span> <span class='ocrx_word' id='word_1_147' title='bbox 300 1629 374 1690; x_wconf 88' lang='lat' dir='ltr'><strong>cqua</strong></span> <span class='ocrx_word' id='word_1_148' title='bbox 385 1611 488 1687; x_wconf 80' lang='lat' dir='ltr'><strong>frigida</strong></span> <span class='ocrx_word' id='word_1_149' title='bbox 498 1611 623 1673; x_wconf 81' lang='lat' dir='ltr'><strong>fouenda</strong></span> <span class='ocrx_word' id='word_1_150' title='bbox 636 1620 689 1673; x_wconf 85' lang='lat' dir='ltr'><strong>est.</strong></span> <span class='ocrx_word' id='word_1_151' title='bbox 714 1610 751 1670; x_wconf 83' lang='lat' dir='ltr'><strong>At</strong></span> <span class='ocrx_word' id='word_1_152' title='bbox 764 1613 876 1672; x_wconf 83' lang='lat' dir='ltr'><strong>inimica</strong></span> <span class='ocrx_word' id='word_1_153' title='bbox 888 1621 952 1670; x_wconf 89' lang='lat' dir='ltr'><strong>suut</strong></span> <span class='ocrx_word' id='word_1_154' title='bbox 965 1613 1070 1684; x_wconf 86' lang='lat' dir='ltr'><strong>vinum,</strong></span> 
     </span>
     <span class='ocr_line' id='line_1_18' title="bbox 68 1693 1069 1772; baseline -0.001 -19"><span class='ocrx_word' id='word_1_155' title='bbox 68 1693 225 1770; x_wconf 83' lang='lat' dir='ltr'><strong>balneum,</strong></span> <span class='ocrx_word' id='word_1_156' title='bbox 244 1713 354 1771; x_wconf 85' lang='lat' dir='ltr'><strong>venus,</strong></span> <span class='ocrx_word' id='word_1_157' title='bbox 368 1697 396 1754; x_wconf 91' lang='lat' dir='ltr'><strong>iu</strong></span> <span class='ocrx_word' id='word_1_158' title='bbox 412 1695 477 1755; x_wconf 91' lang='lat' dir='ltr'><strong>cibo</strong></span> <span class='ocrx_word' id='word_1_159' title='bbox 494 1695 597 1772; x_wconf 87' lang='lat' dir='ltr'><strong>oleum,</strong></span> <span class='ocrx_word' id='word_1_160' title='bbox 615 1697 692 1756; x_wconf 89' lang='lat' dir='ltr'><strong>acria</strong></span> <span class='ocrx_word' id='word_1_161' title='bbox 708 1697 819 1772; x_wconf 88' lang='lat' dir='ltr'><strong>omnia,</strong></span> <span class='ocrx_word' id='word_1_162' title='bbox 836 1697 903 1756; x_wconf 91' lang='lat' dir='ltr'><strong>item</strong></span> <span class='ocrx_word' id='word_1_163' title='bbox 919 1694 1010 1756; x_wconf 83' lang='lat' dir='ltr'><strong>calida</strong></span> <span class='ocrx_word' id='word_1_164' title='bbox 1026 1694 1069 1752; x_wconf 85' lang='lat' dir='ltr'><strong>io·</strong></span> 
     </span>
     <span class='ocr_line' id='line_1_19' title="bbox 56 1778 1070 1857; baseline 0 -19"><span class='ocrx_word' id='word_1_165' title='bbox 56 1782 191 1852; x_wconf 83' lang='lat' dir='ltr'><strong>menta,</strong></span> <span class='ocrx_word' id='word_1_166' title='bbox 224 1778 365 1840; x_wconf 88' lang='lat' dir='ltr'><strong>conclave</strong></span> <span class='ocrx_word' id='word_1_167' title='bbox 392 1779 512 1840; x_wconf 84' lang='lat' dir='ltr'><strong>calidum</strong></span> <span class='ocrx_word' id='word_1_168' title='bbox 540 1790 569 1840; x_wconf 90' lang='lat' dir='ltr'><strong>et</strong></span> <span class='ocrx_word' id='word_1_169' title='bbox 597 1779 757 1857; x_wconf 82' lang='lat' dir='ltr'><strong>inclusum,</strong></span> <span class='ocrx_word' id='word_1_170' title='bbox 788 1780 874 1842; x_wconf 84' lang='lat' dir='ltr'><strong>muita</strong></span> <span class='ocrx_word' id='word_1_171' title='bbox 900 1781 1070 1840; x_wconf 84' lang='lat' dir='ltr'><strong>vestimenta</strong></span> 
     </span>
     <span class='ocr_line' id='line_1_20' title="bbox 70 1863 1069 1940; baseline 0.003 -18"><span class='ocrx_word' id='word_1_172' title='bbox 70 1863 195 1939; x_wconf 82' lang='lat' dir='ltr'><strong>corpori</strong></span> <span class='ocrx_word' id='word_1_173' title='bbox 216 1865 335 1938; x_wconf 86' lang='lat' dir='ltr'><strong>injecta,</strong></span> <span class='ocrx_word' id='word_1_174' title='bbox 365 1864 450 1924; x_wconf 85' lang='lat' dir='ltr'><strong>etiam</strong></span> <span class='ocrx_word' id='word_1_175' title='bbox 472 1865 641 1926; x_wconf 85' lang='lat' dir='ltr'><strong>frictiones;</strong></span> <span class='ocrx_word' id='word_1_176' title='bbox 685 1863 732 1924; x_wconf 93' lang='lat' dir='ltr'><strong>ubi</strong></span> <span class='ocrx_word' id='word_1_177' title='bbox 759 1864 835 1925; x_wconf 90' lang='lat' dir='ltr'><strong>bene</strong></span> <span class='ocrx_word' id='word_1_178' title='bbox 865 1865 980 1940; x_wconf 81' lang='lat' dir='ltr'><strong>sanguis</strong></span> <span class='ocrx_word' id='word_1_179' title='bbox 1003 1880 1069 1925; x_wconf 83' lang='lat' dir='ltr'><strong>cort·</strong></span> 
     </span>
     <span class='ocr_line' id='line_1_21' title="bbox 30 1943 1068 2026; baseline 0.01 -24"><span class='ocrx_word' id='word_1_180' title='bbox 30 1945 280 2024; x_wconf 66' lang='lat' dir='ltr'><strong>adquieuerunt</strong></span> <span class='ocrx_word' id='word_1_181' title='bbox 302 1964 373 2006; x_wconf 87' lang='lat' dir='ltr'><strong>vero</strong></span> <span class='ocrx_word' id='word_1_182' title='bbox 393 1943 586 2026; x_wconf 86' lang='lat' dir='ltr'><strong>incipiendum</strong></span> <span class='ocrx_word' id='word_1_183' title='bbox 607 1956 652 2008; x_wconf 91' lang='lat' dir='ltr'><strong>est</strong></span> <span class='ocrx_word' id='word_1_184' title='bbox 667 1967 683 2010; x_wconf 84' lang='lat' dir='ltr'><strong>a</strong></span> <span class='ocrx_word' id='word_1_185' title='bbox 700 1948 841 2024; x_wconf 79' lang='lat' dir='ltr'><strong>brachiis,</strong></span> <span class='ocrx_word' id='word_1_186' title='bbox 866 1947 1068 2024; x_wconf 86' lang='lat' dir='ltr'><strong>cruribusque;</strong></span> 
     </span>
     <span class='ocr_line' id='line_1_22' title="bbox 70 2029 1069 2110; baseline 0.002 -22"><span class='ocrx_word' id='word_1_187' title='bbox 70 2048 88 2088; x_wconf 87' lang='lat' dir='ltr'><strong>a</strong></span> <span class='ocrx_word' id='word_1_188' title='bbox 110 2030 240 2092; x_wconf 75' lang='lat' dir='ltr'><strong>thorace,</strong></span> <span class='ocrx_word' id='word_1_189' title='bbox 252 2029 459 2092; x_wconf 85' lang='lat' dir='ltr'><strong>abstinendum.</strong></span> <span class='ocrx_word' id='word_1_190' title='bbox 496 2030 527 2090; x_wconf 92' lang='lat' dir='ltr'><strong>ln</strong></span> <span class='ocrx_word' id='word_1_191' title='bbox 548 2033 605 2093; x_wconf 92' lang='lat' dir='ltr'><strong>hoc</strong></span> <span class='ocrx_word' id='word_1_192' title='bbox 628 2050 696 2093; x_wconf 82' lang='lat' dir='ltr'><strong>cusu</strong></span> <span class='ocrx_word' id='word_1_193' title='bbox 711 2051 770 2110; x_wconf 88' lang='lat' dir='ltr'><strong>pcr-</strong></span> <span class='ocrx_word' id='word_1_194' title='bbox 785 2033 907 2092; x_wconf 89' lang='lat' dir='ltr'><strong>hiemem</strong></span> <span class='ocrx_word' id='word_1_195' title='bbox 923 2031 997 2092; x_wconf 88' lang='lat' dir='ltr'><strong>locis</strong></span> <span class='ocrx_word' id='word_1_196' title='bbox 1014 2049 1069 2090; x_wconf 85' lang='lat' dir='ltr'><strong>me-</strong></span> 
     </span>
     <span class='ocr_line' id='line_1_23' title="bbox 69 2114 1069 2196; baseline 0.001 -24"><span class='ocrx_word' id='word_1_197' title='bbox 69 2115 189 2182; x_wconf 80' lang='lat' dir='ltr'><strong>ritimis3</strong></span> <span class='ocrx_word' id='word_1_198' title='bbox 207 2131 260 2192; x_wconf 86' lang='lat' dir='ltr'><strong>per</strong></span> <span class='ocrx_word' id='word_1_199' title='bbox 272 2124 410 2176; x_wconf 82' lang='lat' dir='ltr'><strong>aestatem</strong></span> <span class='ocrx_word' id='word_1_200' title='bbox 421 2115 973 2196; x_wconf 78' lang='lat' dir='ltr'><strong>mediterraneisopusest(ci.esp.10,</strong></span> <span class='ocrx_word' id='word_1_201' title='bbox 987 2114 1069 2190; x_wconf 88' lang='lat' dir='ltr'><strong>tine.)</strong></span> 
     </span>
    </p>
   </div>
   <div class='ocr_carea' id='block_1_3' title="bbox 382 2267 767 2348">
    <p class='ocr_par' dir='ltr' id='par_1_3' title="bbox 382 2267 767 2348">
     <span class='ocr_line' id='line_1_24' title="bbox 382 2267 767 2348; baseline 0.008 -21"><span class='ocrx_word' id='word_1_202' title='bbox 382 2267 565 2329; x_wconf 73' lang='lat' dir='ltr'><strong>capus</strong></span> <span class='ocrx_word' id='word_1_203' title='bbox 600 2268 767 2348; x_wconf 76' lang='lat' dir='ltr'><strong>xrrqvq.</strong></span> 
     </span>
    </p>
   </div>
   <div class='ocr_carea' id='block_1_4' title="bbox 425 2379 719 2432">
    <p class='ocr_par' dir='ltr' id='par_1_4' title="bbox 425 2379 719 2432">
     <span class='ocr_line' id='line_1_25' title="bbox 425 2379 719 2432; baseline -0.007 -2"><span class='ocrx_word' id='word_1_204' title='bbox 425 2379 461 2430; x_wconf 84' lang='lat' dir='ltr'><strong>Do</strong></span> <span class='ocrx_word' id='word_1_205' title='bbox 479 2380 600 2430; x_wconf 82' lang='lat' dir='ltr'><strong>stomachi</strong></span> <span class='ocrx_word' id='word_1_206' title='bbox 616 2381 719 2432; x_wconf 86' lang='lat' dir='ltr'><strong>morbis.</strong></span> 
     </span>
    </p>
   </div>
   <div class='ocr_carea' id='block_1_5' title="bbox 34 2527 1071 3531">
    <p class='ocr_par' dir='ltr' id='par_1_5' title="bbox 34 2527 1071 3531">
     <span class='ocr_line' id='line_1_26' title="bbox 34 2527 1069 2611; baseline 0.002 -24"><span class='ocrx_word' id='word_1_207' title='bbox 34 2538 61 2576; x_wconf 78' lang='lat'><strong>²⁵</strong></span> <span class='ocrx_word' id='word_1_208' title='bbox 139 2527 283 2590; x_wconf 81' lang='lat' dir='ltr'><strong>Faucibus</strong></span> <span class='ocrx_word' id='word_1_209' title='bbox 302 2530 402 2590; x_wconf 88' lang='lat' dir='ltr'><strong>subest</strong></span> <span class='ocrx_word' id='word_1_210' title='bbox 422 2533 601 2600; x_wconf 65' lang='lat' dir='ltr'><strong>stomachum</strong></span> <span class='ocrx_word' id='word_1_211' title='bbox 624 2536 652 2592; x_wconf 92' lang='lat' dir='ltr'><strong>iu</strong></span> <span class='ocrx_word' id='word_1_212' title='bbox 668 2550 725 2611; x_wconf 92' lang='lat' dir='ltr'><strong>quo</strong></span> <span class='ocrx_word' id='word_1_213' title='bbox 741 2533 822 2611; x_wconf 85' lang='lat' dir='ltr'><strong>plura</strong></span> <span class='ocrx_word' id='word_1_214' title='bbox 840 2533 929 2608; x_wconf 80' lang='lat' dir='ltr'><strong>ionga</strong></span> <span class='ocrx_word' id='word_1_215' title='bbox 944 2533 1012 2592; x_wconf 87' lang='lat' dir='ltr'><strong>vitia</strong></span> <span class='ocrx_word' id='word_1_216' title='bbox 1030 2533 1069 2589; x_wconf 92' lang='lat' dir='ltr'><strong>iu-</strong></span> 
     </span>
     <span class='ocr_line' id='line_1_27' title="bbox 74 2612 1069 2693; baseline 0 -21"><span class='ocrx_word' id='word_1_217' title='bbox 74 2612 177 2672; x_wconf 90' lang='lat' dir='ltr'><strong>cidere</strong></span> <span class='ocrx_word' id='word_1_218' title='bbox 200 2623 384 2674; x_wconf 84' lang='lat' dir='ltr'><strong>consuerunt.</strong></span> <span class='ocrx_word' id='word_1_219' title='bbox 421 2615 493 2676; x_wconf 84' lang='lat' dir='ltr'><strong>Nam</strong></span> <span class='ocrx_word' id='word_1_220' title='bbox 513 2617 599 2676; x_wconf 91' lang='lat' dir='ltr'><strong>modo</strong></span> <span class='ocrx_word' id='word_1_221' title='bbox 620 2620 721 2693; x_wconf 83' lang='lat' dir='ltr'><strong>ingens</strong></span> <span class='ocrx_word' id='word_1_222' title='bbox 739 2617 837 2692; x_wconf 85' lang='lat' dir='ltr'><strong>ocior,</strong></span> <span class='ocrx_word' id='word_1_223' title='bbox 860 2615 946 2676; x_wconf 90' lang='lat' dir='ltr'><strong>modo</strong></span> <span class='ocrx_word' id='word_1_224' title='bbox 962 2615 1069 2677; x_wconf 84' lang='lat' dir='ltr'><strong>indatio</strong></span> 
     </span>
     <span class='ocr_line' id='line_1_28' title="bbox 73 2697 1071 2776; baseline 0 -20"><span class='ocrx_word' id='word_1_225' title='bbox 73 2697 166 2771; x_wconf 90' lang='lat' dir='ltr'><strong>buno,</strong></span> <span class='ocrx_word' id='word_1_226' title='bbox 189 2699 274 2758; x_wconf 89' lang='lat' dir='ltr'><strong>modo</strong></span> <span class='ocrx_word' id='word_1_227' title='bbox 291 2698 487 2776; x_wconf 77' lang='lat' dir='ltr'><strong>inflammatio,</strong></span> <span class='ocrx_word' id='word_1_228' title='bbox 505 2701 590 2760; x_wconf 92' lang='lat' dir='ltr'><strong>modo</strong></span> <span class='ocrx_word' id='word_1_229' title='bbox 606 2701 784 2762; x_wconf 74' lang='lat' dir='ltr'><strong>exulceratio</strong></span> <span class='ocrx_word' id='word_1_230' title='bbox 805 2701 910 2769; x_wconf 60' lang='lat' dir='ltr'><strong>officim</strong></span> <span class='ocrx_word' id='word_1_231' title='bbox 932 2698 1071 2769; x_wconf 86' lang='lat' dir='ltr'><strong>interdum</strong></span> 
     </span>
     <span class='ocr_line' id='line_1_29' title="bbox 74 2780 1069 2862; baseline 0 -24"><span class='ocrx_word' id='word_1_232' title='bbox 74 2780 192 2858; x_wconf 83' lang='lat' dir='ltr'><strong>pituita,</strong></span> <span class='ocrx_word' id='word_1_233' title='bbox 209 2781 349 2842; x_wconf 87' lang='lat' dir='ltr'><strong>interdum</strong></span> <span class='ocrx_word' id='word_1_234' title='bbox 365 2783 429 2842; x_wconf 90' lang='lat' dir='ltr'><strong>bilis</strong></span> <span class='ocrx_word' id='word_1_235' title='bbox 442 2785 545 2852; x_wconf 71' lang='lat' dir='ltr'><strong>unitum</strong></span> <span class='ocrx_word' id='word_1_236' title='bbox 562 2785 879 2862; x_wconf 78' lang='lat' dir='ltr'><strong>frequentissimumque</strong></span> <span class='ocrx_word' id='word_1_237' title='bbox 893 2786 955 2859; x_wconf 86' lang='lat' dir='ltr'><strong>ejus</strong></span> <span class='ocrx_word' id='word_1_238' title='bbox 968 2781 1069 2840; x_wconf 86' lang='lat' dir='ltr'><strong>malum</strong></span> 
     </span>
     <span class='ocr_line' id='line_1_30' title="bbox 75 2866 1070 2946; baseline -0.002 -23"><span class='ocrx_word' id='word_1_239' title='bbox 75 2874 138 2939; x_wconf 88' lang='lat' dir='ltr'><strong>est,</strong></span> <span class='ocrx_word' id='word_1_240' title='bbox 160 2882 218 2942; x_wconf 92' lang='lat' dir='ltr'><strong>quo</strong></span> <span class='ocrx_word' id='word_1_241' title='bbox 239 2866 408 2936; x_wconf 71' lang='lat' dir='ltr'><strong>resolutum</strong></span> <span class='ocrx_word' id='word_1_242' title='bbox 432 2886 526 2945; x_wconf 87' lang='lat' dir='ltr'><strong>neque</strong></span> <span class='ocrx_word' id='word_1_243' title='bbox 550 2868 606 2928; x_wconf 83' lang='lat' dir='ltr'><strong>uile</strong></span> <span class='ocrx_word' id='word_1_244' title='bbox 631 2888 663 2929; x_wconf 90' lang='lat' dir='ltr'><strong>re</strong></span> <span class='ocrx_word' id='word_1_245' title='bbox 684 2871 775 2946; x_wconf 84' lang='lat' dir='ltr'><strong>magis</strong></span> <span class='ocrx_word' id='word_1_246' title='bbox 795 2879 842 2929; x_wconf 89' lang='lat' dir='ltr'><strong>aut</strong></span> <span class='ocrx_word' id='word_1_247' title='bbox 864 2867 1001 2940; x_wconf 83' lang='lat' dir='ltr'><strong>adicitur,</strong></span> <span class='ocrx_word' id='word_1_248' title='bbox 1024 2872 1070 2922; x_wconf 89' lang='lat' dir='ltr'><strong>aut</strong></span> 
     </span>
     <span class='ocr_line' id='line_1_31' title="bbox 39 2949 1069 3029; baseline -0.003 -22"><span class='ocrx_word' id='word_1_249' title='bbox 39 2961 186 3026; x_wconf 71' lang='lat' dir='ltr'><strong>etcorpus</strong></span> <span class='ocrx_word' id='word_1_250' title='bbox 202 2949 299 3010; x_wconf 78' lang='lat' dir='ltr'><strong>afficit.</strong></span> <span class='ocrx_word' id='word_1_251' title='bbox 328 2949 451 3012; x_wconf 85' lang='lat' dir='ltr'><strong>Diversa</strong></span> <span class='ocrx_word' id='word_1_252' title='bbox 468 2962 578 3027; x_wconf 86' lang='lat' dir='ltr'><strong>autem,</strong></span> <span class='ocrx_word' id='word_1_253' title='bbox 594 2961 624 3012; x_wconf 92' lang='lat' dir='ltr'><strong>ut</strong></span> <span class='ocrx_word' id='word_1_254' title='bbox 638 2955 705 3014; x_wconf 83' lang='lat' dir='ltr'><strong>vitia</strong></span> <span class='ocrx_word' id='word_1_255' title='bbox 722 2956 800 3029; x_wconf 86' lang='lat' dir='ltr'><strong>ejus,</strong></span> <span class='ocrx_word' id='word_1_256' title='bbox 817 2953 859 3010; x_wconf 88' lang='lat' dir='ltr'><strong>sic</strong></span> <span class='ocrx_word' id='word_1_257' title='bbox 877 2951 962 3009; x_wconf 85' lang='lat' dir='ltr'><strong>etiem</strong></span> <span class='ocrx_word' id='word_1_258' title='bbox 977 2964 1069 3006; x_wconf 89' lang='lat' dir='ltr'><strong>remc-</strong></span> 
     </span>
     <span class='ocr_line' id='line_1_32' title="bbox 77 3029 1069 3111; baseline -0.005 -19"><span class='ocrx_word' id='word_1_259' title='bbox 77 3032 123 3092; x_wconf 86' lang='lat' dir='ltr'><strong>dia</strong></span> <span class='ocrx_word' id='word_1_260' title='bbox 139 3041 212 3092; x_wconf 87' lang='lat' dir='ltr'><strong>suut.</strong></span> <span class='ocrx_word' id='word_1_261' title='bbox 233 3033 289 3094; x_wconf 88' lang='lat' dir='ltr'><strong>Ubi</strong></span> <span class='ocrx_word' id='word_1_262' title='bbox 305 3045 471 3111; x_wconf 80' lang='lat' dir='ltr'><strong>exaestuat,</strong></span> <span class='ocrx_word' id='word_1_263' title='bbox 490 3046 574 3097; x_wconf 86' lang='lat' dir='ltr'><strong>aceto</strong></span> <span class='ocrx_word' id='word_1_264' title='bbox 591 3055 652 3096; x_wconf 88' lang='lat' dir='ltr'><strong>curu</strong></span> <span class='ocrx_word' id='word_1_265' title='bbox 668 3054 735 3097; x_wconf 86' lang='lat' dir='ltr'><strong>rose</strong></span> <span class='ocrx_word' id='word_1_266' title='bbox 752 3037 933 3096; x_wconf 78' lang='lat' dir='ltr'><strong>extrinsecus</strong></span> <span class='ocrx_word' id='word_1_267' title='bbox 950 3029 1069 3091; x_wconf 88' lang='lat' dir='ltr'><strong>subinde</strong></span> 
     </span>
     <span class='ocr_line' id='line_1_33' title="bbox 77 3116 1069 3198; baseline -0.004 -22"><span class='ocrx_word' id='word_1_268' title='bbox 77 3116 220 3176; x_wconf 79' lang='lat' dir='ltr'><strong>fovendus</strong></span> <span class='ocrx_word' id='word_1_269' title='bbox 243 3128 301 3187; x_wconf 87' lang='lat' dir='ltr'><strong>est;</strong></span> <span class='ocrx_word' id='word_1_270' title='bbox 321 3120 567 3198; x_wconf 84' lang='lat' dir='ltr'><strong>imponendusque</strong></span> <span class='ocrx_word' id='word_1_271' title='bbox 590 3121 683 3198; x_wconf 88' lang='lat' dir='ltr'><strong>pulvis</strong></span> <span class='ocrx_word' id='word_1_272' title='bbox 706 3139 769 3178; x_wconf 93' lang='lat' dir='ltr'><strong>cum</strong></span> <span class='ocrx_word' id='word_1_273' title='bbox 791 3118 875 3192; x_wconf 87' lang='lat' dir='ltr'><strong>oleo,</strong></span> <span class='ocrx_word' id='word_1_274' title='bbox 899 3126 927 3176; x_wconf 91' lang='lat' dir='ltr'><strong>et</strong></span> <span class='ocrx_word' id='word_1_275' title='bbox 942 3134 976 3176; x_wconf 84' lang='lat' dir='ltr'><strong>ee</strong></span> <span class='ocrx_word' id='word_1_276' title='bbox 993 3123 1069 3174; x_wconf 90' lang='lat' dir='ltr'><strong>cata·</strong></span> 
     </span>
     <span class='ocr_line' id='line_1_34' title="bbox 77 3199 1069 3281; baseline -0.004 -23"><span class='ocrx_word' id='word_1_277' title='bbox 77 3200 235 3278; x_wconf 87' lang='lat' dir='ltr'><strong>plasmata,</strong></span> <span class='ocrx_word' id='word_1_278' title='bbox 252 3220 326 3280; x_wconf 86' lang='lat' dir='ltr'><strong>quoe</strong></span> <span class='ocrx_word' id='word_1_279' title='bbox 342 3204 423 3264; x_wconf 88' lang='lat' dir='ltr'><strong>srmul</strong></span> <span class='ocrx_word' id='word_1_280' title='bbox 439 3213 468 3264; x_wconf 90' lang='lat' dir='ltr'><strong>et</strong></span> <span class='ocrx_word' id='word_1_281' title='bbox 482 3205 655 3281; x_wconf 83' lang='lat' dir='ltr'><strong>reprimunt</strong></span> <span class='ocrx_word' id='word_1_282' title='bbox 671 3212 701 3262; x_wconf 87' lang='lat' dir='ltr'><strong>et</strong></span> <span class='ocrx_word' id='word_1_283' title='bbox 716 3202 872 3262; x_wconf 89' lang='lat' dir='ltr'><strong>emoiiruut</strong></span> <span class='ocrx_word' id='word_1_284' title='bbox 903 3201 998 3276; x_wconf 89' lang='lat' dir='ltr'><strong>Potui,</strong></span> <span class='ocrx_word' id='word_1_285' title='bbox 1015 3199 1069 3256; x_wconf 91' lang='lat' dir='ltr'><strong>uisi</strong></span> 
     </span>
     <span class='ocr_line' id='line_1_35' title="bbox 78 3243 1071 3379; baseline -0.004 -37"><span class='ocrx_word' id='word_1_286' title='bbox 78 3284 145 3362; x_wconf 92' lang='lat' dir='ltr'><strong>quid</strong></span> <span class='ocrx_word' id='word_1_287' title='bbox 161 3284 229 3348; x_wconf 84' lang='lat' dir='ltr'><strong>obst</strong></span> <span class='ocrx_word' id='word_1_288' title='bbox 216 3295 273 3362; x_wconf 84' lang='lat' dir='ltr'><strong>tet,</strong></span> <span class='ocrx_word' id='word_1_289' title='bbox 290 3287 386 3362; x_wconf 84' lang='lat' dir='ltr'><strong>gelida</strong></span> <span class='ocrx_word' id='word_1_290' title='bbox 401 3305 474 3379; x_wconf 75' lang='lat' dir='ltr'><strong>oque</strong></span> <span class='ocrx_word' id='word_1_291' title='bbox 488 3287 672 3366; x_wconf 86' lang='lat' dir='ltr'><strong>praestanda.</strong></span> <span class='ocrx_word' id='word_1_292' title='bbox 705 3287 735 3346; x_wconf 87' lang='lat' dir='ltr'><strong>si</strong></span> <span class='ocrx_word' id='word_1_293' title='bbox 751 3287 858 3346; x_wconf 89' lang='lat' dir='ltr'><strong>indatio</strong></span> <span class='ocrx_word' id='word_1_294' title='bbox 873 3293 918 3344; x_wconf 92' lang='lat' dir='ltr'><strong>est</strong></span> <span class='ocrx_word' id='word_1_295' title='bbox 926 3243 1071 3362; x_wconf 82' lang='lat' dir='ltr'><strong>,pnbsunt</strong></span> 
     </span>
     <span class='ocr_line' id='line_1_36' title="bbox 45 3362 1068 3449; baseline -0.005 -22"><span class='ocrx_word' id='word_1_296' title='bbox 45 3367 210 3428; x_wconf 73' lang='lat' dir='ltr'><strong>madmotae</strong></span> <span class='ocrx_word' id='word_1_297' title='bbox 230 3362 441 3437; x_wconf 77' lang='lat' dir='ltr'><strong>cucurbitulae:</strong></span> <span class='ocrx_word' id='word_1_298' title='bbox 472 3388 565 3449; x_wconf 90' lang='lat' dir='ltr'><strong>neque</strong></span> <span class='ocrx_word' id='word_1_299' title='bbox 592 3371 718 3430; x_wconf 90' lang='lat' dir='ltr'><strong>incidere</strong></span> <span class='ocrx_word' id='word_1_300' title='bbox 741 3379 834 3430; x_wconf 90' lang='lat' dir='ltr'><strong>cutem</strong></span> <span class='ocrx_word' id='word_1_301' title='bbox 860 3387 982 3428; x_wconf 87' lang='lat' dir='ltr'><strong>necesse</strong></span> <span class='ocrx_word' id='word_1_302' title='bbox 1008 3373 1068 3424; x_wconf 88' lang='lat' dir='ltr'><strong>est:</strong></span> 
     </span>
     <span class='ocr_line' id='line_1_37' title="bbox 82 3451 1067 3531; baseline -0.004 -19"><span class='ocrx_word' id='word_1_303' title='bbox 82 3461 200 3531; x_wconf 87' lang='lat' dir='ltr'><strong>prosuct</strong></span> <span class='ocrx_word' id='word_1_304' title='bbox 218 3455 299 3516; x_wconf 84' lang='lat' dir='ltr'><strong>sicce</strong></span> <span class='ocrx_word' id='word_1_305' title='bbox 320 3463 351 3514; x_wconf 90' lang='lat' dir='ltr'><strong>et</strong></span> <span class='ocrx_word' id='word_1_306' title='bbox 370 3455 465 3516; x_wconf 85' lang='lat' dir='ltr'><strong>calida</strong></span> <span class='ocrx_word' id='word_1_307' title='bbox 486 3454 629 3528; x_wconf 80' lang='lat' dir='ltr'><strong>fomenta,</strong></span> <span class='ocrx_word' id='word_1_308' title='bbox 654 3455 705 3516; x_wconf 90' lang='lat' dir='ltr'><strong>sed</strong></span> <span class='ocrx_word' id='word_1_309' title='bbox 727 3473 783 3516; x_wconf 88' lang='lat' dir='ltr'><strong>nou</strong></span> <span class='ocrx_word' id='word_1_310' title='bbox 808 3451 1067 3514; x_wconf 82' lang='lat' dir='ltr'><strong>vehementissima.</strong></span> 
     </span>
    </p>
   </div>
   <div class='ocr_carea' id='block_1_6' title="bbox 0 0 1201 3906">
    <p class='ocr_par' dir='ltr' id='par_1_6' title="bbox 0 0 1201 3906">
     <span class='ocr_line' id='line_1_38' title="bbox 0 0 1201 3906; baseline 0 0"><span class='ocrx_word' id='word_1_311' title='bbox 0 0 1201 3906; x_wconf 95' lang='lat' dir='ltr'><strong> </strong></span> 
     </span>
    </p>
   </div>
  </div>
 </body>
</html>
