2384 3896
148 187 209 250 ιιι
398 256 401 262 ,
436 197 516 246 ac.
532 197 633 248 oucar
648 195 844 246 rrunrcmsu

147 355 261 432 busque
283 351 359 412 haec
379 351 557 430 temporibua
576 350 739 411 revertitur.
773 349 906 408 Alterum
932 367 1032 426 genus
1059 349 1144 427 peius

149 446 208 513 est,
226 436 318 496 simile
335 435 459 514 papulae
474 435 556 512 lere,
572 433 626 494 sed
640 434 773 512 asperius
787 432 1057 510 rubicundiusqne,
1074 433 1145 509 ign·

148 539 196 582 ras
210 521 307 580 variae
321 518 445 579 habens:
466 518 634 595 squamulae
645 535 684 576 ex
694 533 800 576 summa
812 526 878 576 cute
889 514 1059 592 discedunt,
1067 519 1142 576 rucio

148 605 242 678 maior
257 612 320 680 cst,
337 602 464 662 celerius
478 611 508 660 et
523 602 608 661 latius
623 600 773 679 procedit,
791 599 1026 677 certioribusque
1045 602 1142 658 etiam·

147 705 229 763 ιιιιιιι,
253 705 335 764 quam
351 686 446 764 prior,
472 683 653 764 temporibus
669 692 699 742 et
712 684 758 759 m,
780 691 810 743 ct
824 682 938 743 desiuit.
975 681 1083 742 Rubra
1097 699 1155 742 cor

148 771 340 848 gnominatur.
377 768 475 830 Tertia
493 769 645 828 etiamnum
663 767 792 827 deterior
806 775 867 827 est:
889 784 953 826 ιιιιι
968 775 999 825 et
1014 768 1142 826 crassior

149 863 212 931 est,
237 861 266 914 et
290 853 403 928 durim,
426 861 455 912 ot
476 853 569 928 magis
584 860 687 918 ιιιιιιιις
710 851 738 909 in
754 867 863 910 summa
878 859 943 909 cute
957 849 1097 925 finditur,
1116 858 1141 908 et

148 937 348 998 vehementius
364 935 454 1004 rodit;
477 938 542 1014 ipsa
558 945 675 1012 quoque
689 951 863 1012 squamosa,
879 932 933 994 sod
947 935 1054 1010 nigram
1079 949 1141 1011 pru·

149 1021 285 1098 ceditque
307 1027 336 1079 et
358 1019 432 1096 late,
457 1036 512 1080 nec
533 1018 629 1086 tarde:
652 1025 682 1077 et
702 1019 796 1078 minus
811 1026 887 1077 errat
901 1018 930 1076 in
945 1017 1140 1094 temporibus,

149 1103 253 1182 quibus
266 1112 314 1162 aut
332 1104 439 1177 oritur,
454 1111 502 1161 aut
516 1101 635 1170 desinit;
658 1118 753 1180 neque
766 1119 804 1160 ex
814 1109 875 1160 toto
886 1100 1008 1160 tollitur.
1032 1100 1164 1175 Nigraec

150 1203 313 1262 cognomen
328 1195 382 1244 est
406 1185 543 1259 Quartum
558 1202 652 1261 genus
670 1193 715 1244 est
721 1184 823 1262 ,quod
835 1186 1013 1244 curationem
1026 1185 1142 1244 omnino

149 1286 206 1329 non
224 1269 343 1347 recipit,
367 1269 477 1328 distans
492 1268 610 1328 colore
633 1285 697 1328 nam
711 1267 891 1328 subalbidum
906 1276 967 1342 est
985 1276 1015 1326 et
1031 1269 1143 1328 recenti

150 1353 403 1419 cicatricisimile;
422 1351 571 1429 squamulu
609 1369 645 1410 ue
661 1351 904 1430 habetpallidas,
920 1351 1066 1428 quasdam
1083 1349 1142 1410 sub

149 1435 278 1511 albidas,
315 1435 453 1514 quasdam
481 1435 635 1494 lenticuae
657 1435 780 1502 similem
814 1434 917 1512 quibus
941 1433 1050 1496 demtis
1078 1451 1142 1493 nun

149 1537 301 1597 numquam
318 1519 434 1598 produit
449 1519 576 1595 sanguis.
598 1517 735 1596 Alioquin
749 1535 821 1578 veru
833 1518 974 1577 humor'
948 1535 1015 1592 epus
1027 1517 1164 1578 albidusn

150 1613 210 1679 est,
235 1605 306 1664 cutis
328 1603 398 1662 dura
419 1610 504 1679 atque
526 1602 594 1662 lissa
615 1611 674 1671 est;
709 1602 902 1700 propellitque
919 1601 1017 1661 latius.
1066 1601 1142 1662 Haec

149 1704 221 1746 vero
246 1687 339 1746 omnia
358 1703 467 1762 genera
484 1687 607 1744 maxime
621 1687 773 1746 oriuntur'
765 1705 795 1744 ιιι
809 1685 932 1764 pedibus
948 1693 978 1744 et
994 1685 1141 1750 manibus;

151 1778 237 1846 atque
259 1787 371 1846 ungues
392 1785 509 1847 quoquc
529 1769 676 1830 infestant.
715 1755 953 1830 lledicamentum
977 1786 1040 1828 non
1072 1766 1142 1828 alind

150 1851 293 1912 valentius
308 1861 367 1930 est,
390 1869 474 1929 quam
492 1852 570 1930 quod
590 1852 626 1913 ad
641 1851 767 1916 scabiem
785 1870 901 1930 quoque
917 1853 1075 1930 pertinere
1094 1851 1141 1910 sub

150 1945 269 1996 auctore
291 1935 449 1996 Protarcho
471 1934 649 2014 retuli(18,
674 1933 738 2014 18).
775 1937 918 2014 Serapion
939 1943 1057 2011 autem,
1081 1929 1165 1997 nitria

149 2035 178 2097 p
195 2021 251 2099 )·.(
274 2033 310 2080 11.
335 2019 533 2098 sulphurisp.
555 2020 610 2098 )·.(
631 2033 677 2079 nv.
699 2020 865 2098 excipiebat
886 2020 982 2080 resina
1007 2020 1141 2098 copiosa,

150 2119 246 2181 ecque
262 2103 654 2163 utebatur..

213 2187 260 2249 18.
262 2185 454 2270 Papularum
472 2204 543 2247 vero
560 2185 616 2246 duo
632 2195 832 2263 generarunt
866 2187 1020 2264 Alterum,
1036 2189 1069 2246 in
1088 2204 1140 2264 qno

149 2289 203 2350 per
218 2262 345 2330 minimas
360 2271 480 2349 pusulas
496 2269 569 2330 cutis
587 2280 792 2348 exasperatur,
814 2279 843 2332 et
858 2273 942 2333 rubet
948 2271 1139 2349 ,leviterque

149 2355 275 2420 roditur:
298 2353 421 2414 medium
435 2353 522 2414 habet
537 2354 666 2432 pauxillo
682 2354 806 2423 laevius:
822 2354 905 2415 tarde
920 2355 1032 2432 serpit
1054 2355 1162 2432 idquea

147 2439 255 2498 vitium
261 2438 383 2498 maxime
399 2437 573 2498 rotundum
564 2439 681 2516 incipit,
699 2439 859 2536 eademque
873 2439 1028 2499 rationein
1041 2436 1140 2502 orbem

150 2521 294 2620 procedit.
317 2521 419 2580 Altera
435 2529 529 2580 autem
544 2530 590 2580 eet
597 2539 709 2598 ,quam
721 2511 842 2600 ἀγρίαν
854 2521 959 2582 Graeci
975 2521 1138 2600 appellant:

148 2603 176 2662 1ιι
197 2621 252 2680 qua
275 2604 406 2664 similiter
427 2604 558 2681 quidem,
578 2605 631 2664 sed
648 2607 740 2681 magis
762 2606 835 2665 cutis
851 2615 1046 2684 exasperatur
1063 2603 1139 2665 exul

149 2695 339 2763 conaturque,
357 2705 392 2746 ac
405 2687 604 2748 vehementius
616 2697 645 2748 et
658 2689 784 2764 roditur,
801 2697 830 2748 et
842 2688 940 2764 rubet,
958 2697 987 2748 et
1000 2690 1139 2748 interdum

148 2771 234 2829 etiam
259 2769 337 2849 pilos
363 2771 497 2830 remittit·
535 2772 616 2846 Quae
644 2773 736 2832 minus
759 2773 878 2833 rotunda
900 2781 961 2848 est,
991 2773 1163 2832 dilhciliusm

147 2856 290 2916 sanescit:
306 2853 361 2914 nisi
374 2853 485 2915 sublata
500 2864 565 2928 est,
581 2858 609 2914 in
624 2857 821 2933 impetiginem
837 2858 967 2928 vertitur.
990 2856 1052 2916 Sed
1069 2856 1140 2916 levis

150 2938 255 3016 papula
272 2940 373 3014 etiam,
396 2939 421 2998 si
430 2939 533 3013 jejuna
549 2939 639 2998 saliva
655 2940 785 3016 quotidie
800 2939 975 3014 defricatur,
997 2940 1138 3000 canescit:

147 3023 255 3097 major,
278 3023 513 3083 commodissime
529 3023 629 3083 murali
645 3022 735 3082 herba
751 3023 876 3099 tollitur,
893 3024 917 3082 si
933 3041 1024 3101 super
1041 3023 1138 3082 eadem

147 3106 213 3178 trita
240 3115 294 3166 cst.
339 3107 377 3166 Ut
402 3124 475 3166 voro
502 3105 539 3166 ad
561 3108 722 3184 composito
745 3107 953 3167 medicamenta
979 3107 1135 3179 veniamus,

65 3203 67 3207 ·
147 3186 222 3246 idern
242 3187 313 3246 illud
333 3187 581 3268 cantaremus,
605 3189 659 3267 19)
677 3198 763 3250 tanto
788 3190 932 3250 valentius
956 3192 985 3250 in
1011 3190 1057 3250 his
1083 3197 1160 3262 estc

148 3277 253 3346 quanto
270 3270 360 3330 minua
378 3274 406 3331 in
420 3272 464 3332 his
482 3275 540 3334 vitii
555 3281 609 3332 est.
646 3273 777 3333 Alterum
793 3275 830 3334 ad
845 3274 921 3334 idem
938 3274 1069 3348 Myronis
1084 3272 1133 3350 (ci.

146 3352 253 3430 8191
276 3354 340 3412 nitri
359 3355 457 3431 rubri,
480 3359 566 3432 turis,
587 3357 766 3434 singulorum
782 3377 810 3436 p.
827 3357 884 3435 >·(.
902 3371 925 3418 1.
944 3357 1133 3418 cantharidum

146 3444 333 3516 purgaturum
354 3458 382 3518 p.
397 3441 453 3518 )·(.
470 3453 505 3502 ιι.
528 3441 674 3519 sulphuris
694 3443 789 3517 ignem
809 3459 867 3500 non
888 3444 1004 3521 experti
1019 3450 1132 3502 tantum
