2372 3892
320 457 365 530 u.
381 395 788 540 oonunnrrcnnsr
973 561 978 568 ,

66 623 301 704 narrum
324 627 487 708 omne
507 629 748 714 nnomos
769 601 1023 718 nunnius(
1048 679 1057 702 ·

505 801 585 842 mnu
666 783 690 796 ''

207 949 210 956 .
293 923 550 990 mnnnomnn
581 875 798 994 cooevos

466 1089 616 1100 m..

424 1175 607 1280 curun
639 1221 665 1282 1.

178 1339 312 1403 Deposito
327 1343 351 1388 et
370 1338 454 1404 figura
469 1342 564 1390 ossium
581 1342 657 1391 totius
676 1341 778 1392 humani
794 1345 913 1409 eorporis.

108 1490 257 1567 Superest
270 1483 303 1549 ec
320 1508 403 1568 pars,
426 1509 501 1570 quae
515 1493 551 1552 ad
566 1510 633 1554 ossa
645 1497 784 1572 pertinet:
802 1512 876 1572 quae
894 1510 950 1572 quo
968 1495 1051 1554 iaci·

37 1575 100 1634 lius
118 1575 218 1651 accipi
234 1576 343 1650 possit,
362 1578 440 1652 prius
456 1577 567 1654 positus
588 1578 752 1656 figurasque
775 1593 873 1636 eorum
894 1577 1036 1637 indicabo.

11 1659 143 1734 elgitur
162 1657 288 1716 calvaria
305 1660 404 1737 incipit
422 1679 459 1718 ex
474 1661 611 1721 interiore
629 1671 710 1739 parte
733 1679 880 1737 concava,
898 1663 1037 1722 extrinse-

40 1761 98 1800 cus
116 1741 220 1818 gibba,
239 1744 379 1820 utrimque
396 1743 501 1820 laevir,
518 1754 546 1804 et
562 1762 615 1823 qua
629 1744 742 1804 cerebri
757 1745 948 1804 membranam
969 1763 1037 1804 con-

40 1827 133 1902 tegit,
148 1834 178 1884 et
194 1842 248 1902 qua
266 1836 339 1902 cute,
358 1827 492 1904 capillum
503 1831 653 1904 gignente,
667 1831 846 1905 contegitur:
864 1846 956 1907 enque
972 1831 1036 1886 sim-

42 1909 120 1986 plex
137 1910 174 1969 ab
191 1911 328 1988 occipitio
347 1919 375 1970 et
391 1912 589 1989 temporibus;
605 1911 712 1989 duplex
733 1930 825 1990 usque
849 1913 877 1972 in
900 1915 1038 1972 verticem

43 1993 183 2052 alronte
194 2001 263 2052 est:
292 2011 417 2071 ossaque
441 1997 504 2071 ejus
533 1995 569 2055 ab
591 1995 783 2054 exterioribus
806 1995 935 2073 partibus
951 1995 1036 2052 dura·

7 2100 34 2140 ro
45 2076 84 2136 ab
101 2076 306 2154 interioribus,
324 2077 426 2156 quibus
441 2080 516 2137 inter
528 2097 559 2136 se
576 2087 791 2152 connectuntur,
808 2079 941 2138 molliora
958 2087 1035 2136 sunt:

44 2163 184 2239 interque
207 2177 241 2220 en
263 2179 355 2220 venae
379 2162 556 2237 discurrunt,
572 2179 643 2240 quas
666 2161 710 2219 his
726 2161 887 2220 alimentum
903 2160 1036 2220 submini-

46 2253 164 2320 strare,
181 2243 320 2304 credibile
337 2254 389 2304 est.
421 2247 499 2305 Raro
516 2254 609 2305 autem
627 2245 751 2303 calvaria
774 2243 865 2302 solide
883 2245 944 2302 sine
962 2252 1035 2302 sutu-

44 2329 87 2386 ris
106 2339 172 2387 est:
190 2328 264 2388 loeis
281 2339 374 2389 temen
389 2331 532 2388 aestuosis
547 2328 660 2388 facilius
677 2329 833 2397 invenitur;
856 2336 885 2386 et
907 2327 934 2384 id
951 2334 1037 2403 caput

47 2411 253 2488 firmissimum,
270 2421 355 2491 atque
374 2413 508 2473 adolere
524 2414 689 2476 tutissimum
707 2419 761 2470 est.
782 2411 829 2470 Ex
845 2412 962 2485 ceteris,
978 2426 1036 2500 ¹quio

13 2502 170 2554 moriturae
190 2498 343 2574 pauciores
361 2505 442 2572 snut,
462 2514 498 2555 eo
517 2499 618 2573 capitis
636 2495 771 2554 valetudo
790 2494 966 2554 commodior
982 2501 1036 2552 est.

47 2576 156 2656 Neque
172 2582 246 2637 enim
263 2589 360 2640 certus
376 2597 472 2638 earum
489 2588 696 2656 communest,
720 2580 793 2638 sicut
813 2597 849 2639 oe
871 2579 954 2639 locus
977 2578 1036 2656 qui-

49 2661 124 2720 dem.
157 2662 232 2722 Fere
260 2673 355 2724 tamen
382 2663 453 2722 duee
479 2682 568 2743 super
596 2681 680 2722 aures
697 2671 828 2740 tempore
850 2663 1037 2741 esuperiore

50 2747 157 2823 capitis
173 2755 255 2825 parte
270 2749 435 2807 discernunt
452 2747 492 2824 (e.
508 2748 707 2826 squamoqu:
725 2748 808 2806 tertia
825 2746 860 2806 ad
879 2763 963 2806 aures
984 2761 1038 2823 per

50 2831 192 2890 verticem
221 2832 357 2908 tendens,
389 2832 554 2909 occipitium
582 2849 598 2890 a
624 2849 732 2890 summo
751 2832 846 2907 capite
868 2829 974 2887 diducit
995 2830 1036 2904 (e.

17 2911 279 2990 totamtdotdesp
303 2923 403 2993 quarta
427 2914 582 2974 abeodem
610 2916 722 2972 vertice
743 2930 796 2990 per
811 2911 933 2988 m'edium
953 2917 1038 2987 capnt

53 2995 87 3054 ud
103 2997 230 3058 frontem
246 2998 379 3076 procedit
396 3001 437 3077 (s.
454 2997 681 3075 bt'port'etolis);
699 3012 791 3072 eaque
808 2993 893 3052 modo
910 2991 962 3052 sub
980 2993 1036 3051 imo

54 3082 161 3158 capillo
180 3081 294 3159 desiuit,
309 3082 395 3141 modo
412 3077 535 3141 frontem
549 3083 640 3160 ipsam
656 3095 758 3138 secans
774 3075 985 3156 (asseruerim)
997 3077 1037 3134 in·

54 3171 98 3222 tcr
114 3167 271 3244 supercilia
287 3167 389 3226 linitur.
421 3165 467 3224 Ex
481 3165 525 3224 his
541 3174 656 3224 ceterae
678 3161 791 3240 quidem
812 3169 927 3222 suturae
944 3161 972 3219 in
989 3178 1037 3220 uu·

55 3263 140 3320 guem
164 3245 387 3310 committuntur:
412 3267 465 3308 eae
486 3265 572 3324 vero,
595 3265 668 3326 quae
684 3263 771 3323 super
795 3253 1037 3305 aurestrarrsver·

25 3347 106 3388 nesae
123 3341 202 3409 sunt,
217 3336 285 3393 totis
302 3336 361 3392 oris
376 3333 509 3410 paulatim
522 3339 722 3398 extenuant11r3
743 3339 827 3408 atque
844 3332 883 3388 ite
900 3329 1037 3388 inferiora

58 3427 124 3476 ossa
147 3417 346 3496 superioribus
368 3417 471 3479 leniter
491 3415 622 3476 insidunt.
670 3411 888 3553 Crassissicpulrrp
909 3427 978 3468 vero
1010 3411 1037 3466 in
