2372 3892
168 193 229 256 tto
452 204 485 252 n.
505 203 535 252 c.
555 201 654 251 ceusu
669 198 862 250 noorcnmo

167 360 278 422 duobus
301 359 400 437 digitis
422 357 544 419 attollat.
585 357 651 433 Ego
675 355 719 416 sic
745 357 903 416 restitutum
927 372 997 413 esse
1023 355 1143 412 neminen

167 446 288 504 memini.
326 443 429 520 bleges
451 461 483 502 se
502 458 618 520 qnoque
641 440 727 500 multa
748 447 892 516 mutasse,
915 455 1013 518 neque
1037 453 1144 516 umqum

68 561 72 568 ·
167 528 330 608 proluisse,
357 529 423 604 quia
448 543 565 602 semper
591 527 693 584 iterum
718 523 803 584 oculo
827 522 967 603 palpebra
997 521 1144 594 inhaeserit,
1169 565 1170 574 ,

168 613 325 671 memoriae
341 607 478 689 prodidit.

227 698 255 754 7.
280 695 438 754 Etiamnum
455 694 483 751 in
497 691 604 769 angulo
625 693 674 770 qui
690 691 805 751 naribus
822 691 958 770 proprior
975 699 1042 763 est,
1064 707 1099 747 ex
1111 687 1156 746 att-¹

167 794 224 859 quo
241 779 311 838 vitio
328 779 407 857 quasi
426 793 515 854 parva
534 776 627 835 listulu
644 777 788 854 aperitur,
806 793 858 854 per
875 791 957 852 quam
975 775 1081 852 pituita
1096 772 1145 830 assi

168 865 223 923 due
245 861 387 923 destillat:
406 858 571 938 αἰγίλωπα
589 858 693 919 Graeci
715 867 820 919 vocant
844 858 890 936 (P.
913 858 994 934 Aeg.
1020 855 1144 932 v1,tt).

166 947 255 1026 idque
271 945 385 1006 assidue
398 943 472 1004 nrale
487 943 574 1003 babet
586 943 715 1003 oculum:
731 959 939 1020 nonnumquam
952 943 1062 1016 etium,
1079 955 1146 998 ereo

167 1046 252 1104 osse,
269 1045 359 1106 usque
376 1027 410 1086 ad
425 1045 510 1087 nares
527 1036 667 1104 penetrat.
692 1027 788 1104 Atque
804 1026 943 1085 interdurn
958 1034 1095 1084 naturam
1104 1039 1145 1082 car·

167 1113 316 1172 uinomatis
330 1110 431 1180 babet;
447 1111 496 1170 ubi
512 1113 638 1171 intentae
648 1128 740 1170 venae
756 1119 785 1170 et
796 1118 966 1170 remoratae
981 1117 1069 1184 sunt,
1085 1107 1163 1167 eolat

168 1194 273 1274 pallet,
292 1195 363 1253 cutis
379 1192 448 1253 dura
460 1203 521 1270 est,
536 1203 565 1254 et
576 1194 633 1253 levi
649 1203 726 1254 tactu
742 1193 884 1269 irritatur,
899 1194 1146 1252 inflammationem

167 1294 222 1356 que
248 1278 276 1336 in
298 1293 348 1337 eas
368 1285 482 1356 partes,
507 1295 581 1356 quae
605 1279 777 1353 conjunctae
799 1285 879 1354 sunt,
900 1287 1020 1336 evocat.
1059 1275 1147 1336 Exti

167 1377 237 1438 eos,
258 1363 306 1439 qui
327 1362 408 1440 quasi
429 1362 591 1422 carcinoma
612 1360 736 1435 babent,
760 1378 860 1420 curare
883 1360 1086 1439 periculosum
1104 1366 1146 1417 est:

166 1463 231 1506 narn
245 1453 365 1505 mortem
382 1461 497 1523 quoque
519 1463 553 1505 ea
573 1463 622 1505 res
642 1453 778 1509 maturat:
817 1461 870 1503 eos
891 1463 979 1518 vero,
1006 1444 1109 1524 quibus
1123 1439 1146 1498 ad

166 1547 251 1588 nares
268 1529 373 1605 tendit,
390 1545 613 1607 supervacuum:
629 1545 725 1608 neque
741 1531 815 1588 enim
832 1537 999 1588 sanescunt.
1033 1530 1088 1604 At,
1103 1527 1163 1603 quit

166 1612 219 1672 bus
238 1612 265 1672 id
287 1613 315 1672 io
338 1611 443 1689 angulo
464 1621 525 1688 est,
548 1622 645 1689 potest
665 1612 794 1672 adbiberi
816 1612 941 1681 curatio;
960 1629 1031 1671 cum
1054 1627 1103 1684 eo,
1122 1625 1145 1666 re

167 1698 298 1778 ignotum
314 1697 350 1755 sit
366 1714 433 1756 esse
448 1695 609 1756 diiiicilem:
628 1705 792 1776 quantoque
809 1695 916 1772 angulo
930 1697 1061 1774 propius
1075 1694 1102 1755 id
1117 1692 1145 1751 te

166 1777 264 1838 r'amen
286 1787 347 1854 est,
366 1787 444 1838 tuoto
468 1778 615 1839 dillicilior
635 1789 696 1846 est:
721 1781 853 1858 quoniam
878 1790 1088 1858 perangustum
1107 1783 1144 1848 est

167 1861 194 1918 iu
211 1878 267 1940 quo
285 1866 394 1921 versari
409 1881 507 1924 manus
521 1866 624 1942 possit.
661 1865 783 1924 Recenti
800 1873 893 1923 tamen
910 1881 943 1922 re
960 1863 1077 1923 mederi
1095 1859 1144 1920 lati

167 1943 222 2002 lius
238 1953 291 2004 est.
324 1944 405 2024 Ergo
418 1946 531 2006 hamulo
547 1965 682 2007 summum
699 1949 762 2023 ejus
778 1948 925 2007 foraminis
943 1946 1163 2026 encipicndun:l

165 2026 270 2087 deinde
285 2037 374 2089 totum
388 2029 417 2090 id
433 2047 549 2107 carum,
566 2034 640 2090 sicot
657 2033 685 2090 in
702 2030 804 2091 tistulis
824 2031 882 2090 dixi
899 2031 982 2109 (cap.
997 2033 1058 2109 4),
1075 2045 1144 2105 nsque

168 2110 203 2170 ud
218 2128 251 2170 os
269 2111 471 2180 excidendum:
493 2115 637 2193 oculoque
653 2125 682 2173 et
697 2116 802 2175 ceteris
818 2116 927 2191 junctis
941 2115 1078 2192 partibus
1090 2114 1144 2173 bere

167 2194 304 2274 obtectis,
320 2213 354 2256 os
371 2195 545 2257 ferramento
570 2198 743 2258 adurendum
767 2207 826 2267 est;
844 2193 1145 2278 vehementiusque,si

161 2279 222 2353 jam
250 2282 328 2340 carie
357 2289 493 2340 vexatum
523 2289 584 2359 est,
614 2299 672 2360 quo
708 2285 834 2342 crassior
862 2298 979 2360 squama
1013 2281 1143 2343 abscedat

166 2362 286 2436 Quidam
311 2362 457 2424 adurentia
485 2365 647 2444 imponunt,
675 2374 705 2424 ut
726 2374 913 2425 atramentum
934 2368 1092 2443 sutorium,
1112 2359 1162 2420 nte

166 2444 363 2521 chalcitidem,
384 2448 432 2507 vel
454 2451 619 2525 aeruginem
643 2465 752 2508 rasam:
779 2449 855 2526 qnod
877 2457 906 2509 et
928 2449 1041 2508 tardius
1062 2459 1143 2510 ειιιι

118 2554 122 2563 1
165 2526 239 2585 idem
264 2529 342 2588 iacit.
380 2529 454 2589 Osse
477 2530 593 2608 adusto,
616 2534 724 2591 curatio
747 2535 876 2612 sequitur
897 2532 1016 2610 eadem,
1038 2532 1145 2613 quaein

167 2611 274 2668 ceteris
290 2613 369 2669 ustis.

224 2692 254 2753 8.
276 2692 330 2752 Pili
353 2711 441 2771 vero,
463 2699 511 2776 qni
535 2701 563 2757 in
585 2697 734 2777 palpebris
758 2709 837 2776 sunt,
863 2700 971 2760 duabus
1000 2701 1039 2760 de
1067 2697 1145 2760 causat

165 2775 279 2834 oculum
305 2777 417 2836 irritare
444 2791 617 2841 consuerunt
638 2783 682 2860 (Ρ.
705 2783 780 2859 Aeg.
804 2782 860 2860 Vl,
881 2785 944 2863 13).
981 2784 1057 2844 Nam
1073 2781 1164 2842 nolet

164 2858 326 2939 palpebrae
343 2864 504 2940 superioris
520 2883 626 2924 summa
640 2866 712 2924 cutis
722 2867 884 2942 relaxatur,
898 2876 927 2926 et
942 2869 1083 2946 procidit;
1100 2879 1143 2944 qut

164 2941 210 3018 lit,
228 2953 257 3004 ut
273 2946 335 3021 ejus
354 2946 404 3024 pili
425 2946 460 3006 ad
481 2948 574 3025 ipsum
589 2947 702 3007 oculum
721 2958 940 3026 convertantur,
958 2954 1025 3029 quia
1047 2969 1102 3011 nou
1117 2949 1143 3006 si·

164 3027 220 3084 mul
238 3028 378 3106 cartilago
396 3046 511 3109 quoque
535 3049 567 3090 se
589 3032 712 3092 remisit:
736 3033 821 3092 modo
845 3033 899 3093 sub
918 3034 1020 3094 ordine
1038 3031 1143 3094 naturali

165 3108 287 3182 pilorum
303 3112 375 3171 alius
387 3114 462 3174 ordo
480 3113 657 3190 subcrescit,
676 3117 724 3192 qui
745 3118 875 3194 protinus
896 3119 971 3178 intus
989 3119 1025 3178 ad
1044 3117 1142 3178 oculum

164 3189 264 3267 tendit.
303 3193 472 3256 Curationes
487 3195 543 3257 hae
558 3207 631 3256 sunt.
668 3200 698 3258 st
718 3199 767 3277 pili
792 3201 850 3260 nati
874 3211 954 3276 suut,
970 3205 1018 3280 qui
1037 3219 1092 3262 noo
1105 3201 1163 3259 dett

164 3270 301 3370 buerunt,
319 3281 413 3336 tenuis
427 3297 497 3339 aeus
511 3280 608 3340 ierrea
624 3280 667 3345 ad
676 3273 884 3364 similitudinem
900 3285 1021 3363 spathae
1039 3286 1109 3361 lata,
1122 3285 1143 3340 lt

164 3371 261 3454 rgnepn
278 3359 456 3434 coujteienda
468 3373 527 3422 est:
545 3363 647 3425 deinde
661 3366 802 3443 caudens,
819 3367 930 3428 sublata
946 3369 1088 3447 palpebra
1101 3370 1140 3440 sit,

165 3445 194 3498 ot
212 3455 275 3514 eJus
297 3443 454 3518 perniciosi
476 3446 527 3523 pili
544 3449 573 3506 in
595 3459 782 3528 conspectum
806 3453 931 3512 curantis
947 3455 1080 3529 veniast,
1099 3449 1141 3515 still
