2392 3906
158 402 258 460 mone,
273 382 357 444 modo
374 401 389 442 a
408 385 550 444 contraria
566 391 648 462 parte
663 389 824 441 nuscuntur.
848 379 933 454 Quod
950 379 1136 460 supportatur

160 487 194 528 ea
206 476 299 546 purte,
317 484 401 545 quarn
416 467 521 543 allicit,
543 465 674 525 dolorem
689 465 992 542 inflammationemque
1012 466 1137 534 concitat

158 553 251 630 ipsum
275 550 394 611 calidius
416 560 473 620 est;
502 551 574 610 etsi
595 551 622 608 in
644 558 754 627 partem
774 565 871 608 sanam
886 549 990 628 aliquis
1005 548 1138 622 decubuit

158 652 281 695 onerare
298 652 360 694 eam
376 653 413 694 ex
429 634 558 712 pondere
570 633 668 711 aliquo
683 632 807 694 videtur.
828 631 925 692 Omnis
943 634 1029 692 etiam
1045 645 1138 711 suppu-

157 721 248 795 ratio,
269 733 344 798 quae
364 720 487 779 nondum
505 717 598 778 oeulis
615 725 710 794 patet,
733 717 777 776 sie
795 716 974 795 deprehendi
991 725 1104 795 potest:
1121 717 1156 776 sii

157 802 249 863 febris
264 820 322 862 nou
334 802 462 878 dimittit,
478 818 572 878 eaque
584 800 707 861 interdiu
717 799 811 860 levior
822 809 878 875 est,
894 809 981 860 noctu
996 801 1138 866 increscit:

155 887 260 948 multus
281 885 369 946 sudor
385 887 489 952 oritur;
511 884 651 962 cupiditas
668 884 807 944 tussiendi
823 894 876 961 est,
893 893 922 944 et
933 901 1028 962 paene
1040 883 1141 944 nihilin

155 972 228 1031 tussi
243 979 425 1038 exscreatum
448 969 524 1027 oculi
540 969 603 1027 ouri
624 977 702 1037 sunt;
726 968 819 1029 malae
841 967 959 1037 rubeut;
982 985 1077 1030 venae
1098 965 1141 1026 sul

156 1054 252 1131 lingua
271 1054 465 1121 inalbescunt;
494 1053 522 1111 in
545 1051 673 1112 munibus
694 1052 763 1112 liunt
788 1051 890 1112 adunci
911 1069 1039 1129 unguem
1060 1051 1140 1128 digiti,

111 1144 115 1150 '
155 1138 335 1215 maximeque
355 1137 464 1212 summi,
485 1136 594 1204 culeum
613 1137 641 1195 in
656 1135 778 1214 pedibus
793 1143 920 1196 tumores
936 1143 1015 1206 sunt;
1032 1135 1162 1214 spiritura

156 1220 300 1280 difficilius
322 1220 457 1288 traditum
473 1219 536 1279 cibi
549 1219 692 1280 fastidium
713 1229 772 1289 est;
789 1219 921 1298 pustulae
940 1228 1003 1279 toto
1024 1233 1140 1298 corpore

156 1305 284 1362 oriuntur
307 1302 434 1384 (Propo.
456 1303 477 1378 ᾗ
495 1305 560 1383 17).
606 1303 690 1377 Quod
713 1306 738 1363 si
758 1305 887 1383 protinus
909 1304 989 1363 initio
1013 1303 1141 1364 doloret

156 1388 243 1448 tussis
263 1385 331 1462 tuit,
357 1395 386 1446 et
407 1388 524 1465 spiritus
539 1387 705 1462 difficultas,
719 1389 832 1451 vomica
846 1387 894 1447 vel
910 1395 992 1463 ante,
1007 1387 1059 1447 vel
1073 1386 1141 1446 circu

157 1472 322 1530 uicesimum
338 1471 413 1531 diem
431 1481 576 1549 erumpet:
601 1473 626 1530 si
648 1471 742 1531 serius
763 1472 818 1530 ista
840 1473 1002 1550 coeperint,
1025 1487 1140 1532 neeesse

157 1563 203 1614 est
218 1555 333 1636 quidem
346 1557 524 1622 increscant;
544 1554 596 1614 sed
613 1556 776 1634 quominus
792 1555 850 1616 olto
865 1555 1025 1633 affecerint,
1045 1571 1081 1614 eo
1091 1563 1161 1614 tacu

157 1639 220 1698 dius
246 1639 393 1699 solventur
417 1638 471 1718 (of.
497 1637 609 1717 Propo.
636 1639 657 1715 δ
685 1639 749 1716 17).
781 1639 883 1699 Solent
907 1641 991 1700 etium
1019 1637 1140 1716 ingrati

155 1721 258 1782 morbo
278 1723 373 1801 pedes
394 1739 458 1782 cum
478 1722 574 1799 digitis
594 1722 795 1800 unguibusque
816 1723 1000 1799 nigrescere:
1027 1719 1140 1800 quodsi

156 1821 214 1864 non
229 1815 274 1865 est
285 1823 362 1866 mors
375 1815 563 1884 consequuta,
582 1815 611 1865 et
624 1806 765 1885 reliquum
783 1822 888 1883 corpus
905 1806 1042 1882 invaluit,
1059 1805 1139 1886 pedes

156 1897 251 1950 tamen
265 1890 400 1950 decidunt
417 1890 471 1968 (cf.
488 1888 600 1970 Propo.
617 1889 638 1965 ς
653 1889 685 1959 9;
705 1887 797 1972 Epio.
812 1889 869 1966 111,
884 1889 932 1968 4).
1162 1895 1171 1938 t

158 219 198 278 44
450 230 484 277 n.
501 228 530 277 c.
547 226 850 278 οεεει-Μευιοιεεε

486 2115 666 2180 CAPUT
695 2117 814 2178 VIII.
1144 2129 1184 2188 ειἶ

306 2228 375 2289 Quae
385 2236 458 2280 notae
472 2244 544 2295 spem
559 2229 648 2280 salutis
658 2243 721 2294 quae
730 2228 841 2296 pericula
852 2227 994 2278 ostendunt.
1183 2199 1184 2274 i

160 2425 164 2430 -
219 2381 371 2460 Sequitur,
392 2389 422 2441 ut
442 2381 470 2440 in
484 2399 600 2460 quoque
613 2380 706 2440 morbi
721 2397 830 2456 genere
846 2380 980 2456 proprias
995 2385 1080 2436 notas
1096 2392 1138 2434 ex·

156 2463 275 2542 plicem,
294 2483 367 2542 quac
380 2464 429 2523 vel
444 2483 541 2542 spem,
556 2464 605 2524 vel
619 2463 778 2542 periculum
793 2462 953 2522 ostendant.
986 2459 1033 2520 Ex
1048 2459 1139 2519 vesica

157 2546 275 2620 dolenti,
291 2549 315 2604 si
331 2547 480 2624 purulenta
496 2550 574 2606 urina
589 2547 744 2624 processit,
763 2547 849 2624 inque
861 2563 896 2605 ea
910 2546 994 2606 laeve
1011 2554 1041 2605 et
1053 2543 1138 2604 alliun

156 2627 295 2704 subsedit,
307 2638 412 2687 metum
424 2629 547 2689 detrahit
560 2628 687 2706 (Propo.
706 2629 727 2703 ὃ
744 2630 808 2708 19).
833 2628 866 2689 lu
877 2629 1019 2708 pulmonis
1031 2626 1161 2697 mortuo

156 2712 181 2772 si
193 2719 277 2789 sputo
292 2712 356 2788 ipsc
371 2712 483 2772 levatur
494 2711 589 2787 dolor,
606 2713 734 2788 quamvis
746 2713 775 2773 id
788 2714 967 2791 purulentum
978 2720 1035 2787 est,
1052 2720 1138 2771 tamen

33 2841 36 2859 i
155 2812 245 2872 aeger
276 2794 363 2854 facile
395 2795 500 2874 spirat,
532 2795 619 2856 facile
646 2805 781 2872 excreat,
812 2797 942 2856 morbum
969 2796 1064 2873 ipsum
1089 2808 1138 2852 non

155 2878 309 2939 dildoulter
329 2878 402 2955 lert,
426 2887 523 2956 potest
550 2881 577 2938 ei
598 2879 723 2940 secunda
741 2880 876 2941 valetudo
901 2882 1070 2955 contingere
1090 2874 1137 2956 (ci.

154 2959 266 3041 Propo.
280 2963 301 3038 ς
315 2963 378 3043 15).
402 2960 505 3040 Neque
520 2963 595 3024 inter
609 2964 687 3024 initia
699 2965 802 3036 terreri
815 2965 960 3039 convenit,
976 2964 1000 3022 si
1014 2963 1137 3041 protinus

155 3051 268 3122 sputum
279 3048 396 3106 mixtum
412 3055 456 3106 est
472 3046 537 3106 rulo
553 3048 685 3126 quodam,
704 3058 733 3108 et
748 3050 896 3125 sanguine,
920 3047 1072 3107 dummodo
1087 3053 1161 3102 sta-to

154 3130 203 3188 tim
219 3131 318 3190 edatur
332 3131 386 3208 (ci.
399 3130 510 3210 Propo.
527 3131 549 3207 ὃ
562 3133 626 3210 14).
648 3131 778 3192 Laterum
793 3131 922 3208 dolores,
938 3131 1137 3210 suppuratione
1183 3153 1184 3210 p

154 3211 246 3288 lacta,
272 3213 375 3274 deinde
395 3217 468 3276 intra
490 3214 737 3296 quadragesimum
757 3216 832 3276 diem
852 3223 989 3294 purgata,
1013 3215 1136 3273 liniuntur
1183 3215 1184 3222 ’

156 3293 250 3375 (Aple.
266 3297 303 3374 V,
320 3300 371 3365 15;
390 3298 484 3360 Coae.
502 3299 589 3376 398).
619 3300 649 3359 Si
664 3301 692 3358 in
704 3301 838 3376 jecinore
853 3299 965 3359 vomica
980 3307 1039 3375 est,
1061 3307 1090 3356 et
1105 3310 1136 3352 ex

156 3397 191 3440 ea
207 3381 298 3442 fertur
312 3399 365 3459 pus
380 3401 479 3460 purum
501 3381 529 3442 et
544 3383 658 3462 album,
679 3384 756 3442 salus
770 3383 881 3444 facilis:
906 3383 933 3443 id
950 3381 1024 3442 euim
1040 3381 1135 3442 mulum

49 3487 51 3494 >
155 3465 184 3524 in
206 3467 301 3526 tunica
320 3475 365 3526 est
378 3465 548 3546 (Apicvll,
562 3467 629 3544 45).
663 3466 709 3526 Ex
730 3466 980 3546 suppurationibus
994 3483 1064 3526 vero
1087 3479 1159 3524 euers
