2392 3906
154 207 212 272 118
386 249 389 252 .
449 215 482 263 s.
498 213 527 265 c.
543 210 643 262 osnsr
657 211 851 262 nnnrorunn

135 365 236 438 'alium
261 380 429 447 moveatur,
462 378 491 432 et
515 369 545 429 vi
569 367 691 448 quadam
715 367 751 427 ad
774 363 1009 427 eonsusladinem
1036 365 1142 426 redeat.

150 458 273 520 Prodest
289 458 373 516 etiam
389 455 531 532 torpentis
546 453 665 512 membri
682 468 818 512 summam
833 459 927 511 cutem
940 466 1143 528 exasperasse,

150 543 198 603 vel
213 542 314 602 urticis
337 555 470 614 caesam,
492 536 542 596 vel
557 537 694 614 imposito
711 536 821 615 sinapi,
846 536 888 594 sic
904 544 951 609 ut,
974 533 1023 594 nbi
1042 534 1144 592 mbere

151 627 282 704 coeperit
298 640 422 701 corpus,
443 620 517 680 baec
531 628 743 681 removeantur.
779 619 868 679 Scilla
885 635 1001 697 quoqne
1017 617 1145 692 contrita,

150 709 289 787 bulbique
308 707 423 767 contriti
442 722 506 764 cnm
522 712 586 763 ture
601 713 682 764 recte
698 704 889 783 imponuntur.
910 701 1012 779 Neque
1026 701 1163 770 alienans

150 803 211 868 est,
229 790 327 850 resina
343 797 437 850 cutem
453 788 538 847 tertio
555 805 671 866 quoque
687 787 734 846 die
750 787 854 847 diutins
869 786 1000 862 vellere,
1017 785 1146 864 pluribus

150 879 235 936 etiam
263 874 352 943 locis;
382 871 535 950 aliquando
563 871 625 932 sine
651 871 731 930 ierro
760 867 954 930 cucurbitulas
980 871 1146 930 admovere.

149 959 285 1019 Unctioni
300 974 372 1017 vero
390 955 567 1034 aptissimum
584 964 629 1015 est
642 965 728 1014 uetus
747 954 859 1030 oleum,
881 954 929 1014 vel
946 955 1048 1012 nitrum
1064 962 1147 1013 aceto

150 1052 179 1103 et
195 1042 262 1102 oleo
280 1042 406 1100 mixtum.
436 1038 511 1112 Quin
528 1040 612 1100 etiam
628 1039 730 1098 lovere
747 1055 821 1118 aqua
837 1037 929 1098 calida
947 1039 1074 1113 marina,
1091 1039 1146 1112 rel,

150 1128 174 1186 si
190 1143 225 1186 ea
240 1141 297 1184 non
312 1133 372 1201 εει,
389 1133 484 1183 tamen
500 1124 594 1199 salsa,
610 1131 789 1202 magnopere
804 1121 1001 1182 necessarium
1020 1131 1075 1181 est.
1107 1123 1147 1180 Ac
1158 1150 1174 1188 a

151 1211 175 1268 si
196 1225 253 1287 quo
274 1209 343 1267 loco
365 1207 415 1266 vel
431 1208 594 1284 naturales,
613 1210 763 1272 ueletiam
775 1205 963 1269 manufactae
978 1205 1053 1265 tales
1071 1215 1146 1264 nata-

150 1294 243 1352 tiones
266 1299 349 1366 sunt,
376 1291 411 1348 iis
433 1292 613 1369 potissimum
633 1291 769 1350 utendum
791 1299 854 1358 est;
881 1289 1103 1368 praecipueque
1123 1291 1148 1347 in

150 1376 194 1434 bis
211 1374 344 1451 agitanda
363 1371 507 1450 membra,
527 1392 601 1453 quae
616 1375 740 1434 maxime
755 1374 906 1434 deliciunt:
935 1375 958 1433 si
974 1373 1002 1433 id
1018 1390 1077 1432 non
1095 1382 1147 1447 εει,

150 1458 283 1518 balneum
298 1467 391 1520 tamen
406 1457 536 1536 prodest.
568 1455 657 1518 cibus
673 1475 740 1517 esse
756 1457 845 1518 debet
861 1474 898 1516 ex
910 1456 1004 1517 media
1018 1459 1146 1531 materia,
1182 1499 1185 1513 .

150 1543 332 1620 maximeque
351 1561 388 1601 ex
403 1542 573 1611 venatione;
596 1542 677 1620 potio
690 1543 752 1602 sine
769 1543 836 1600 vino
850 1559 947 1620 aquae
967 1541 1099 1602 calidae:
1124 1542 1172 1603 siu

150 1635 244 1686 tamen
264 1633 348 1684 vetus
368 1623 486 1684 morbus
508 1633 570 1703 εει,
599 1627 743 1704 interponi
769 1635 871 1704 quarto
901 1626 949 1686 vel
974 1627 1075 1704 quinto
1104 1626 1146 1685 die

152 1709 330 1786 purgationis
346 1726 434 1769 causa
450 1709 544 1770 vinum
557 1727 695 1787 graecum
715 1710 821 1770 salsum
843 1717 949 1788 potest.
987 1708 1058 1770 Post
1082 1727 1145 1768 eoe-

150 1809 214 1850 nam
231 1792 307 1851 utilis
324 1795 446 1852 vomitus
463 1802 517 1852 εει.
714 1794 717 1799 ’

213 1873 241 1933 2.
267 1874 412 1937 interdum
433 1894 505 1936 vero
528 1879 613 1937 etiam
632 1889 790 1938 neruorum
803 1875 1047 1958 (commutarem)
1064 1877 1147 1938 dolor

150 1959 220 2018 oriri
236 1959 322 2018 solet.
351 1957 383 2020 ln
397 1961 454 2021 hoc
470 1977 539 2020 casn
557 1979 613 2021 non
630 1977 766 2037 vomere,
784 1979 840 2020 uon
856 1962 1074 2022 medicamentis
1094 1964 1144 2021 nri·
1153 1984 1171 2023 rr

149 2060 213 2101 nam
235 2055 371 2121 movere,
395 2061 452 2104 non
475 2047 684 2106 exercitatione
706 2046 857 2123 sudorem,
882 2055 913 2106 ut
931 2046 1046 2126 qnidam
1064 2065 1145 2126 prae·

151 2127 276 2204 cipiunt,
293 2129 423 2208 expedit.
445 2129 573 2191 Bibenda
590 2149 664 2210 aqua
684 2139 744 2190 est:
763 2130 808 2190 bis
824 2131 869 2190 die
882 2132 909 2189 in
922 2130 1032 2190 lectulo
1045 2131 1147 2190 leniter

149 2211 220 2269 satis
244 2209 290 2270 diu
314 2229 421 2292 corpus
444 2214 659 2292 perfricandum
680 2224 741 2290 εει,
764 2214 870 2274 deinde
892 2222 1006 2274 retento
1029 2217 1145 2293 spiritu:

149 2293 185 2352 ab
209 2294 271 2373 ipsa
295 2299 505 2359 exercitatione
529 2301 625 2378 potius
646 2301 814 2378 superiores
842 2308 939 2378 partes
966 2301 1144 2359 movendae:

148 2375 341 2440 balneorum
363 2382 510 2443 utendum:
541 2383 701 2441 mutandum
722 2382 841 2441 subinde
864 2383 1170 2462 peregrinationibuso

148 2462 273 2522 coelum.
306 2465 336 2524 Si
353 2465 438 2524 dolor
453 2475 513 2540 εει,
533 2483 567 2524 ea
583 2467 647 2543 ipsa
662 2482 729 2542 pars
747 2468 808 2525 sine
823 2467 907 2542 oleo,
929 2468 1004 2525 nitro
1019 2485 1059 2526 ex
1076 2485 1145 2546 aqua

149 2547 337 2622 perungenda
361 2557 419 2615 est;
453 2547 557 2607 deinde
577 2548 767 2626 involvenda,
789 2559 826 2630 ¹et
850 2550 1030 2627 subjicienda
1059 2569 1146 2630 prona

148 2626 239 2705 lenis,
267 2637 297 2687 et
317 2628 453 2706 sulphur,
481 2641 568 2709 atque
592 2632 629 2690 ita
653 2631 681 2691 id
702 2633 955 2712 suffumigandum
980 2635 1078 2714 idque
1100 2635 1145 2694 ali-

148 2711 281 2789 quamdiu
300 2710 479 2791 iaciendum,
502 2713 554 2774 sed
569 2716 688 2793 jejuno,
702 2735 788 2794 quum
800 2718 875 2778 bene
885 2721 946 2795 jam
963 2720 1144 2778 concoxerit.

148 2791 354 2852 Cucurbitulae
376 2813 493 2875 quoqne
515 2815 606 2876 saepe
629 2799 739 2860 dolenti
764 2805 838 2881 parti
857 2802 1057 2863 admovendae
1073 2812 1170 2878 suuntur

147 2875 363 2954 pulsandusque
389 2879 495 2941 leniter
522 2882 626 2944 inllatis
653 2886 762 2945 vesicis
788 2886 902 2946 bubulis
929 2888 953 2946 is
981 2888 1066 2947 locus
1094 2895 1144 2948 est.

146 2957 224 3018 Utile
248 2969 293 3019 est
317 2963 401 3022 etiam
421 2983 521 3025 sevum
544 2968 668 3028 miscere
696 2988 759 3028 cum
784 2970 952 3046 hyoscyami
980 2980 1011 3031 et
1036 2973 1146 3031 urticae

148 3043 279 3102 contritis
295 3048 470 3127 seminibus,
486 3051 529 3109 sio
544 3060 574 3110 ut
591 3054 714 3112 omnium
729 3072 782 3132 par
797 3055 900 3114 modus
914 3056 968 3130 sit,
989 3056 1086 3134 idque
1096 3057 1144 3114 im-

148 3141 257 3203 ponere
281 3128 335 3206 (ci.
356 3130 455 3198 Diosc.
478 3133 535 3211 lv,
559 3137 632 3213 69):
662 3137 765 3196 lovere
786 3156 873 3216 aqua,
894 3140 922 3197 in
946 3157 1002 3216 qua
1026 3140 1145 3218 sulphur

147 3209 300 3272 decoctum
317 3215 362 3272 sit.
393 3215 513 3277 Utriculi
530 3236 646 3297 quoque
663 3231 744 3280 recte
761 3223 942 3300 imponuntur
959 3241 1033 3301 aqua
1052 3223 1168 3283 calidas

145 3294 269 3394 papien,
294 3307 340 3356 aut
362 3298 488 3360 bitumen
506 3319 568 3361 cum
591 3303 757 3364 hordeacea
778 3306 868 3366 farina
884 3307 1009 3366 mixtum.
1048 3307 1142 3385 Atque

145 3395 174 3436 rn
190 3396 253 3456 rpso
271 3383 447 3459 potissimum
464 3385 566 3444 dolore
584 3387 716 3446 utendum
728 3391 892 3464 gestatione
904 3391 1068 3452 vehementi
1085 3399 1142 3451 est:

147 3463 224 3539 quod
240 3464 345 3526 inullis
361 3467 511 3532 doloribus
526 3472 680 3548 pessimum
696 3481 750 3533 eat.
