2372 3892
136 155 198 222 258
431 165 465 214 s.
481 165 511 216 c.
528 163 627 214 censu
641 163 837 216 norontem

135 317 234 405 pudeo
246 322 351 386 Graeci
363 329 479 384 vocant.
496 319 529 382 ld
543 320 568 380 si
582 337 688 382 reeens
699 329 754 398 est,
766 322 921 400 quiescere
932 321 1024 382 homo
1038 322 1140 402 debet,

136 411 203 470 etin
221 427 294 488 aqna
310 407 402 468 calida
417 405 563 466 desidere.
587 403 757 466 Columbina
771 423 888 484 quoque
905 425 963 466 ova
983 408 1140 485 coquenda

135 501 214 568 sunt,
229 502 272 569 et,
290 491 338 552 ubi
355 491 555 566 induruerunt,
572 490 736 568 purganda:
758 489 862 550 deinde
885 490 1013 570 alterum
1034 494 1140 566 jacere

134 580 162 638 in
177 596 252 655 aqua
269 576 343 637 bene
360 573 454 636 calida
469 571 573 650 debet,
589 573 682 634 altero
697 573 792 636 calido
812 574 907 634 loveri
923 575 1010 636 locus
1026 578 1091 652 sic,
1111 585 1140 634 nt

134 663 258 722 invicem
279 670 402 738 utroque
423 659 529 738 aliquis
551 665 652 718 utatur.
686 658 756 720 Tum
781 659 1072 737 tetrapharmacum,
1095 669 1154 720 asts

134 745 283 825 rhypodes
296 762 364 805 rosa
387 742 549 804 diluendum
571 751 630 812 est;
650 751 700 802 aut
719 759 861 821 oesypum
882 761 992 804 recens
1013 745 1136 804 miscen-

134 831 199 891 dum
221 848 284 890 cum
306 837 406 889 cerato
431 825 540 904 liquido
566 844 605 885 ex
627 843 695 886 rosa
717 826 812 896 laoto;
838 836 885 887 aut
911 828 1011 888 eidem
1038 838 1136 888 cerato

134 914 280 994 plumbum
297 913 403 974 elotum
420 909 626 987 adjiciendum
639 919 688 969 aut
702 913 817 972 resinae
832 911 1054 972 terebinthinae
1066 930 1136 986 mpr-

133 999 200 1066 rha;
218 1008 265 1058 aut
279 1013 398 1074 spumae
413 995 525 1072 argenti
543 1003 629 1054 vetus
645 994 758 1064 oleum;
784 1005 814 1056 et
833 994 966 1074 quolibet
990 1014 1031 1056 ex
1052 995 1099 1056 his
1112 995 1136 1056 id

136 1081 363 1163 perungendum.
387 1080 416 1138 st
432 1077 568 1157 quidquid
585 1078 694 1140 laesum
710 1087 763 1156 est,
777 1087 859 1140 extra
876 1088 931 1155 est,
947 1099 1052 1158 neque
1067 1081 1158 1148 intutu

133 1165 329 1240 reconditum,
345 1163 450 1224 eodem
466 1161 675 1222 medicamento
696 1163 813 1223 tinctum
827 1162 1016 1224 linamentum
1035 1181 1134 1243 super·

134 1247 255 1308 dandum
271 1257 333 1324 est,
352 1256 381 1308 et
397 1246 534 1325 quidquid
550 1255 617 1306 ante
636 1245 830 1324 adhibuimus,
852 1257 952 1307 cerato
973 1258 1135 1326 contegen-

133 1332 208 1393 dum.
231 1332 263 1392 ln
278 1331 335 1392 hoc
351 1341 445 1392 autem
461 1349 529 1390 casu
542 1348 638 1408 neque
654 1330 770 1392 acribus
783 1330 856 1392 cibis
868 1332 1026 1409 utendum,
1044 1349 1136 1409 neque

134 1418 263 1495 asperis,
283 1435 339 1477 nec
353 1415 447 1477 alvum
460 1413 729 1493 comprimentibus:
747 1433 783 1475 ne
800 1416 908 1476 aridum
923 1416 1046 1494 quidem
1061 1414 1136 1494 quid·

134 1519 218 1579 quam
232 1502 302 1561 satis
318 1501 386 1561 utile
403 1507 463 1575 est,
478 1500 533 1558 uisi
555 1497 706 1560 admodum
727 1499 852 1578 paulum.
884 1499 1025 1578 liquida,
1051 1499 1158 1574 leuius

135 1586 265 1664 pinguia,
287 1585 434 1662 glutinosa
453 1583 572 1644 meliora
589 1591 664 1644 sunt.
700 1581 777 1643 Vino
800 1583 858 1644 leni
878 1586 917 1644 uti
938 1583 1013 1644 nihil
1037 1583 1133 1663 prohi-

134 1669 193 1730 het.

197 1750 225 1810 8.
253 1748 432 1826 Condyloma
454 1759 548 1812 autem
567 1760 613 1812 est
630 1750 828 1828 tuberculum,
851 1751 928 1832 quod
950 1770 989 1812 ex
1015 1751 1135 1830 quadan

135 1835 357 1895 inflammatione
371 1837 452 1896 nasci
467 1836 552 1896 solet.
572 1834 604 1896 ld
620 1834 668 1896 ubi
684 1845 776 1897 ortum
791 1846 850 1913 est,
863 1836 941 1914 quod
954 1836 992 1896 ad
1008 1839 1134 1914 quietem

134 1919 217 1979 eibos
236 1920 428 1999 potionesque
444 1922 585 1999 pertinet,
598 1920 700 1980 eadem
712 1922 824 1982 servari
836 1920 960 1997 debent,
978 1939 1060 2000 quae
1075 1937 1156 1999 pron

133 2006 209 2148 sirpe
227 2005 336 2149 scriptp
351 2014 424 2148 supt
448 2004 659 2148 mdfmpe‘im·
670 2005 734 2064 ovis
748 2003 1032 2149 reptebtpbepculum
1049 2004 1080 2064 id
1089 2005 1133 2148 pu

133 2107 282 2148 vennae
335 2105 531 2148 estereane
566 2105 679 2148 omum
735 2105 769 2148 ua
844 2107 860 2148 e
911 2107 939 2148 m
977 2109 993 2147 c
1031 2107 1131 2148 vere

132 2191 187 2232 uae
204 2171 346 2236 decoctae
362 2175 417 2232 sint
432 2191 471 2232 ex
486 2106 732 2251 reprimentibub.q
743 2108 822 2232 Turne
832 2134 915 2233 rec’tc
930 2107 1095 2252 inffpbnitur
1108 2181 1133 2232 et

133 2257 268 2317 lenticula
292 2275 355 2316 cum
382 2257 488 2334 exigua
510 2256 605 2316 mellis
627 2265 723 2335 parte;
748 2266 777 2318 et
798 2256 907 2318 sertula
930 2276 1078 2336 campana
1100 2275 1132 2316 er

133 2342 199 2400 vino
216 2349 316 2408 cocta:
338 2349 366 2402 et
383 2340 446 2401 rubi
461 2340 531 2400 lolia
554 2342 676 2402 contrita
693 2357 757 2402 cum
779 2349 880 2402 cerato
896 2360 935 2402 ex
952 2359 1024 2401 rosa
1038 2342 1154 2408 iactatu

133 2433 161 2482 et
183 2441 245 2482 cum
267 2424 371 2484 eodem
391 2434 491 2485 cerato
513 2426 675 2484 contritum·
691 2425 739 2486 vel
764 2434 919 2486 cotoneum
938 2426 1066 2503 malum,
1090 2424 1132 2484 sel

135 2507 276 2566 malicorii
294 2526 331 2567 ex
346 2510 414 2568 vino
430 2509 508 2568 cocti
522 2527 591 2588 pars
606 2510 742 2578 interium
758 2519 788 2570 et
800 2510 933 2572 chalcitis
949 2519 1039 2570 cocta
1050 2519 1132 2589 atque

134 2591 274 2666 contrita,
289 2591 392 2650 deinde
411 2609 524 2670 oesypo
548 2611 583 2654 ao
604 2611 675 2654 rosa
698 2603 837 2672 exceptam
857 2604 940 2654 etex
958 2612 993 2654 ea
1012 2611 1131 2672 compo·

133 2673 251 2748 sitione,
273 2691 347 2750 quae
363 2673 450 2734 habet
474 2679 544 2737 turis
566 2695 594 2755 p.
616 2679 672 2758 )·(.
691 2691 714 2736 1.
736 2678 868 2739 aluminis
883 2679 1012 2740 scissilis
1031 2699 1060 2758 p.
1079 2677 1131 2755 )-(.

131 2770 167 2817 11.
182 2775 319 2818 cerussae
337 2775 364 2835 p.
380 2758 436 2836 )·(.
452 2771 501 2819 111.
518 2779 636 2839 spumae
651 2761 765 2838 argenti
780 2780 810 2840 p.
822 2764 877 2842 )·(.
891 2775 924 2822 v.
937 2762 1056 2842 quibus,
1070 2763 1154 2823 domn

131 2851 275 2918 teruntur,
291 2842 413 2903 invicem
431 2860 498 2905 rosa
515 2854 544 2904 et
559 2847 653 2906 vinum
668 2844 830 2908 instillatur.
862 2847 1019 2907 Vinculum
1040 2855 1130 2908 autem
1181 2917 1182 2920 Ἴ

132 2929 158 2985 ei
177 2928 244 2988 loeo
268 2927 415 2988 linteolum
432 2936 480 2988 aut
498 2929 667 3006 panniculus
682 2929 838 3008 quadratus
857 2939 917 3007 est,
941 2932 990 3008 qui
1016 2931 1054 2992 ad
1077 2930 1129 2991 duo
1180 2925 1182 3020 l

133 3013 227 3088 capita
239 3012 309 3074 duas
321 3032 422 3089 ansas,
437 3013 473 3074 ad
485 3013 576 3072 altera
591 3011 647 3072 duo
659 3013 780 3074 totidem
793 3015 902 3076 fascias
914 3014 1019 3084 habet;
1034 3033 1127 3093 quum

133 3107 192 3169 que
205 3095 353 3170 subjectus
367 3107 427 3174 est,
442 3098 521 3158 ansis
533 3096 568 3156 ad
581 3106 711 3158 ventrem
727 3097 819 3173 datis,
834 3116 850 3158 a
863 3100 1032 3176 posteriore
1048 3107 1127 3178 parte

133 3177 160 3234 in
177 3193 227 3235 eas
243 3178 381 3239 adductae
396 3181 507 3242 tusciae
524 3181 722 3258 conjiciuntur,
734 3191 832 3259 atque,
845 3181 893 3241 ubi
909 3191 1043 3244 arctatae
1055 3191 1152 3253 sunto

133 3259 282 3320 dexterior
303 3263 435 3339 sinistra,
451 3266 612 3326 sinisterior
629 3263 730 3326 dextra
747 3265 897 3344 procedit,
920 3265 1124 3328 circumdatae·

133 3361 189 3422 que
207 3344 285 3404 circa
301 3344 395 3404 alvum
410 3347 483 3408 inter
504 3367 535 3409 se
550 3351 705 3409 novissime
720 3348 893 3427 deligantur.
925 3349 985 3410 Sed
1005 3351 1030 3410 si
1047 3358 1124 3408 vetus

134 3428 307 3504 condyloma
317 3429 377 3502 jam
394 3429 531 3509 induruit,
548 3451 643 3511 neque
666 3432 718 3493 sub
739 3433 783 3496 his
801 3433 999 3496 curationibus
1014 3432 1122 3506 desidit,
