2444 3904
146 181 164 242 8
447 193 480 240 n.
492 191 521 240 c.
535 191 836 240 cnns1mnnrc1nsn

146 349 314 426 conspectui
341 345 521 422 subjiciatur,
548 347 576 406 id
599 365 688 426 saepe
711 363 807 406 casum
829 345 934 405 offerre
959 345 1128 407 curantibus.

144 431 287 492 Interdum
303 432 377 490 enim
391 430 580 507 gladiatorem
593 433 622 490 in
637 448 733 506 arena,
749 428 797 488 vel
812 428 928 488 militem
942 430 971 488 in
987 432 1065 507 acic,
1080 430 1128 490 vel

145 517 284 576 viatorem
299 533 315 574 a
332 514 490 574 latronibus
505 523 657 591 exceptum
670 518 712 573 sic
725 514 878 587 vulnerari,
896 521 925 572 ut
938 513 1002 586 ejus
1014 515 1129 574 interior

144 601 236 678 aliqua
249 617 316 678 pars
332 601 486 678 aperiatur,
504 607 533 658 et
547 599 575 656 in
591 598 649 658 alio
664 599 733 657 alia:
748 599 787 657 ita
801 596 913 672 sedem,
931 600 1069 674 positum,
1086 615 1128 656 or·

144 684 247 759 dinem,
262 684 398 760 figuram,
416 683 573 759 similiaque
589 681 643 741 alia
659 698 840 758 cognoscere
862 679 1030 758 prudentem
1044 681 1153 742 madi-e

145 786 216 844 cum,
234 785 291 826 non
307 767 434 842 caedem,
452 766 504 825 sed
518 767 666 825 sanitatem
682 766 861 833 molientem;
879 764 965 841 idque
981 784 1036 842 per
1050 766 1129 825 mise·

143 851 296 912 ricordiam
311 851 440 926 discere,
462 849 539 927 quod
560 850 606 910 alii
627 850 687 910 dira
711 848 876 909 crudelitate
894 850 1058 924 cognorint.
1088 849 1130 908 Ob

143 936 217 996 haec
237 955 272 994 ne
293 943 467 995 mortuorum
487 933 599 1012 quiden
623 934 826 994 lacerationem
846 935 1040 992 necessariam
1056 950 1130 1008 esse,

144 1038 227 1098 quae,
243 1020 297 1077 etsi
312 1035 369 1078 non
386 1017 524 1094 crudelis,
548 1027 642 1078 tamen
656 1017 742 1077 foeda
758 1018 807 1084 sit;
829 1034 913 1095 quum
935 1015 1017 1075 aliter
1037 1016 1130 1094 plera·

143 1104 241 1180 quein
257 1102 374 1162 mortuis
395 1119 428 1160 se
447 1100 585 1161 habeant:
609 1110 741 1180 quantum
764 1119 835 1160 vero
851 1103 878 1160 in
894 1100 969 1160 viris
991 1104 1165 1176 cognoscin

142 1193 248 1264 potest,
264 1186 328 1262 ipsa
344 1187 451 1244 curatio
470 1185 610 1245 otendat.

201 1268 292 1343 Quum
308 1269 379 1328 haec
395 1269 548 1346 permulta
565 1269 723 1344 volumina,
747 1285 857 1348 perque
875 1285 995 1346 magnae
1014 1276 1131 1328 conten·

142 1352 443 1430 tionisdisputatioues
455 1372 471 1412 a
483 1353 602 1412 medicis
612 1371 702 1430 saepe
715 1361 835 1412 tractata
846 1354 901 1411 sint
913 1361 997 1430 atquc
1009 1360 1131 1412 tracten-

141 1446 199 1496 tur:
217 1435 423 1511 subjiciendum
435 1447 494 1511 cst,
513 1455 587 1515 qnae
606 1438 735 1516 proxima
748 1453 820 1496 vero
838 1436 929 1494 videri
945 1437 1065 1532 possint.
1091 1435 1132 1494 Ea

141 1539 235 1599 neque
246 1520 358 1580 addicta
370 1519 497 1580 alterutri
509 1522 636 1598 opinioni
649 1530 712 1580 sunt
714 1537 829 1599 ‚neque
841 1520 876 1579 ab
889 1528 1008 1597 unaque
1018 1519 1131 1604 nimiunn
1141 1540 1165 1580 se

141 1604 339 1672 abhorrentia;
368 1604 461 1665 media
486 1605 708 1694 quodammodo
720 1605 793 1663 inter
812 1603 941 1663 diversas
961 1595 1132 1662 sententias:

142 1689 238 1766 quod
230 1708 258 1749 ιιι
270 1687 398 1766 plurimis
411 1689 641 1748 contentionibus
657 1671 877 1766 deprehendere
896 1687 980 1762 licet,
1000 1687 1063 1746 sine
1078 1703 1133 1746 am·

140 1771 248 1832 bitione
267 1790 366 1831 verum
383 1772 589 1848 scrutantibus,
603 1782 632 1832 ιιι
644 1775 672 1831 in
689 1771 770 1832 bac
762 1790 825 1850 rpsa
845 1790 893 1839 re;
911 1790 974 1831 nam
993 1787 1066 1848 quae
1085 1770 1133 1829 de·

140 1875 214 1915 mum
227 1874 341 1932 causae,
353 1855 401 1916 vel
415 1856 569 1917 secundam
580 1855 771 1915 valetudinem
784 1865 941 1934 praestent,
953 1855 1001 1914 vcl
1014 1853 1134 1912 morbos
1214 1891 1215 1918 ι

140 1941 281 2008 excitent;
295 1939 438 2016 quomodo
450 1943 582 2018 spiritus,
596 1949 642 2000 aut
655 1939 749 2015 cibus,
765 1939 813 1998 vel
825 1939 969 2014 trahatur,
991 1937 1039 1997 vel
1052 1937 1132 2014 dige-
1141 1955 1167 1994 ao

140 2033 231 2100 ratur,
249 2042 285 2082 ue
299 2025 455 2101 sapientiae
473 2025 586 2102 quidem
601 2024 787 2102 professores
806 2025 926 2082 scientia
943 2021 1132 2101 comprehen·
1215 2071 1216 2098 ,

140 2107 218 2184 dunt,
231 2107 282 2166 sed
294 2109 460 2182 conjectura
478 2118 698 2188 persequuntur
735 2106 823 2182 Cujus
842 2116 934 2166 autem
954 2107 996 2165 rei
1014 2123 1071 2164 non
1089 2113 1136 2164 est
1215 2099 1216 2114 ¹

141 2201 220 2252 certa
234 2193 351 2267 notitia,
371 2192 433 2267 ejus
450 2194 547 2272 opinio
563 2202 671 2253 certum
692 2194 823 2270 reperire
840 2190 995 2250 remedium
1008 2207 1066 2248 non
1081 2206 1135 2267 po·

139 2286 206 2337 test
226 2278 392 2354 Verumque
405 2285 459 2353 est,
472 2277 530 2337 ad
522 2296 613 2356 ipsam
626 2277 741 2336 curandi
754 2276 893 2334 rationem
905 2273 973 2332 nihil
985 2273 1050 2350 plus
1064 2291 1134 2332 con-

139 2361 217 2420 ierre
225 2379 338 2438 ,quam
357 2363 572 2439 experientiam.
612 2362 787 2438 Quamquam
809 2359 895 2433 igitur
915 2358 1002 2416 multa
1028 2358 1085 2416 sint
1098 2355 1170 2416 adra

139 2446 219 2520 ipsas
231 2447 308 2503 artes
322 2448 441 2541 proprie
454 2462 509 2504 non
523 2445 704 2523 pertinentia,
717 2452 811 2501 tamen
824 2459 874 2499 eas
887 2442 1036 2516 adjuvant,
1056 2441 1136 2500 exci-
1214 2483 1216 2490 .

139 2526 224 2583 tando
248 2527 391 2584 artificis
382 2530 535 2602 ingenium.
567 2527 667 2602 ltaque
693 2527 746 2584 ista
765 2541 878 2602 quoquc
899 2535 1016 2584 naturae
1040 2542 1138 2582 rerum

140 2608 361 2685 contemplatio,
385 2611 513 2685 quamvis
531 2627 588 2669 uon
602 2609 688 2667 faciat
701 2607 858 2684 medicum,
878 2611 1018 2686 aptiorem
1039 2617 1138 2667 tamen

138 2691 296 2750 medicinae
308 2690 410 2750 reddit.
444 2692 571 2769 Verique
585 2691 676 2749 simile
689 2699 749 2766 est,
762 2699 791 2748 et
801 2691 1009 2770 Hippocratem
1021 2701 1050 2749 et
1061 2691 1136 2750 lira-

139 2776 281 2834 sistratum
297 2781 326 2832 et
340 2775 510 2853 quicumque
522 2775 579 2850 alii,
595 2793 653 2833 non
666 2779 792 2834 contenti
806 2775 905 2834 febres
920 2785 949 2834 et
960 2775 1058 2834 ulcera
1072 2775 1135 2851 agi·
1144 2793 1170 2834 ao

138 2867 210 2933 tare,
224 2875 319 2916 rerum
334 2873 448 2935 quoque
464 2866 591 2917 naturam
602 2876 639 2917 ex
651 2857 745 2935 aliqua
759 2869 840 2936 parte
854 2859 971 2918 scrutati
984 2867 1057 2934 sunt,
1075 2877 1136 2918 non

137 2942 203 3001 ideo
216 2941 330 3019 quidem
340 2941 469 3000 medicos
481 2941 582 3018 fuisse,
599 2961 699 3000 verum
716 2942 782 3002 ideo
801 2960 917 3020 quoque
936 2943 1063 3016 maq‘ores
1074 2961 1136 3002 me·

139 3025 218 3085 dicos
238 3026 380 3084 extitisse.
396 3079 398 3086 .
414 3026 535 3085 Ratione
552 3043 623 3084 vero
646 3043 719 3104 opus
741 3035 785 3085 est
807 3027 862 3104 ipsi
879 3026 1057 3104 medicinae,
1079 3027 1138 3086 etsi

137 3125 194 3167 non
205 3111 279 3167 inter
294 3107 432 3168 obscuras
445 3127 557 3184 causas,
570 3127 665 3186 neque
681 3110 756 3168 inter
774 3110 918 3169 naturales
932 3111 1075 3187 actiones,
1094 3120 1136 3170 ta·

137 3210 202 3258 men
221 3210 324 3270 saepe;
342 3202 386 3252 est
406 3194 481 3251 enim
497 3192 571 3251 baec
588 3211 635 3252 ars
653 3193 871 3268 conjecturalis;
895 3212 992 3272 neque
1010 3211 1135 3271 respon·
1146 3211 1174 3254 ae

138 3276 186 3335 det
198 3277 226 3335 ei
238 3276 404 3355 plerumque
417 3294 474 3337 non
487 3276 578 3335 solum
591 3278 769 3352 conjectura,
782 3277 929 3338 sedetiam
940 3279 1136 3354 experientia.

137 3359 175 3420 Et
186 3360 325 3420 interdum
342 3378 398 3420 non
410 3360 518 3435 febris,
536 3376 594 3419 non
615 3360 708 3436 cibus,
727 3378 784 3418 non
802 3378 918 3419 somnus
936 3361 1137 3436 subsequitur,

138 3445 212 3504 sicut
224 3445 359 3504 assuevit.
391 3443 506 3520 Rarius,
519 3443 570 3503 scd
583 3443 734 3522 aliqnando
747 3443 863 3502 morbus
877 3461 991 3521 quoque
1004 3445 1068 3522 ipse
1081 3461 1136 3504 nc·
