2384 3896
138 147 196 210 176
428 161 463 210 a.
479 159 510 210 o.
528 160 628 211 osnsr
642 157 837 210 nemorose

136 318 236 398 p.,)·(.
254 327 300 376 vt.
317 331 403 376 cerae
417 333 447 397 p.
462 317 518 395 )·(.
534 329 606 377 vm.
622 315 870 395 spumaeargenti
885 333 913 395 p.
930 316 993 396 )·(.
1015 326 1139 376 xxxvi.

137 403 195 462 olei
210 400 318 462 veterio
333 400 483 461 heminam.
1184 414 1185 424 ¹

198 483 248 544 22.
276 482 406 560 immid,
432 484 510 562 quod
525 502 564 544 ex
579 484 624 544 his
642 490 770 544 constat:
793 501 928 562 squamae
944 485 1052 560 aeris,
1076 484 1143 542 turis
1184 514 1185 524 ι

136 569 279 646 iuliginis,
310 567 685 649 singulorump.)·(.1v.
713 566 830 643 galbani
855 584 885 646 p.
909 570 966 646 )·(.
990 580 1047 626 v1.
1077 566 1144 626 salis

136 652 302 714 ammoniaci
329 669 358 729 p.
378 652 434 730 )·(.
455 665 516 712 xrr.
541 671 566 712 u.
595 669 682 712 cerae
707 669 735 729 p.
763 650 819 729 )·(.
841 665 923 712 xxv.
956 652 1023 712 olei
1053 650 1162 712 tribues

135 737 266 798 heminis.
297 735 378 796 llaec
397 744 492 798 autem
512 735 577 796 aliis
600 751 717 814 quoque
732 734 945 796 recentioribus
965 734 1146 796 vulneribus

135 830 216 882 recte
234 821 423 899 inponuntur.

198 903 248 966 23.
286 905 357 964 Sunt
381 903 465 963 ctiam
487 901 554 966 albe
580 902 655 964 lenia
685 901 764 981 (Gal.
791 901 824 962 S.
849 903 884 964 G.
906 901 937 978 l,
965 902 1046 982 18);
1085 903 1145 966 iere
1189 938 1190 953 .

135 1005 193 1048 non
207 987 346 1065 gravibus
362 986 527 1046 vulneribus
541 987 774 1060 accommodata,
794 986 1023 1066 praecipueque
1046 987 1145 1048 senili·

136 1071 202 1132 bns:
225 1070 310 1149 quale
331 1079 377 1130 est
398 1071 475 1149 quod
495 1070 584 1132 habet
599 1087 737 1132 cerussae
751 1088 779 1149 p.
796 1071 851 1148 )·(.
870 1082 983 1130 xxx11.
1009 1073 1087 1132 sevi
1109 1073 1168 1131 rita

135 1155 215 1214 inlini
229 1155 336 1232 curati,
350 1163 379 1214 et
397 1172 497 1231 cerae,
513 1154 690 1231 singulorum
707 1173 736 1234 p.
754 1156 810 1234 )·(.
827 1167 949 1214 xhvm.
967 1155 1035 1215 olei
1055 1155 1144 1216 hemi-

135 1255 186 1296 nas
201 1247 277 1314 tres,
293 1255 331 1298 ex
346 1237 448 1316 quibus
466 1255 585 1299 cerussa
602 1240 745 1316 coquitur.

195 1340 244 1400 24.
268 1338 365 1417 Aliud,
382 1339 457 1420 qnod
474 1339 563 1400 habet
578 1358 716 1401 cerussae
734 1357 762 1419 p.
776 1341 832 1420 )·(.
845 1353 904 1400 xx.
922 1357 1016 1400 cerae
1037 1360 1074 1421 p.
1091 1344 1143 1420 )·(.

135 1435 240 1484 xxxv.
262 1423 321 1484 olei
335 1423 493 1498 heminam,
517 1441 608 1501 aquae
624 1427 787 1485 samarium.
829 1425 910 1500 Quae
925 1427 1056 1502 quoties
1075 1425 1143 1500 adji-

134 1509 245 1568 ciuntur
267 1525 404 1568 cerussae
423 1507 472 1567 vel
493 1525 611 1587 spumae
633 1510 761 1587 argenti,
785 1507 862 1568 scire
881 1507 950 1568 licet
965 1509 1020 1568 illa
1040 1527 1087 1570 ex
1102 1510 1166 1568 hieu

135 1591 285 1670 ooqarenda
300 1609 377 1651 esse.
414 1591 467 1652 Est
482 1601 576 1652 autem
592 1609 626 1652 ea
644 1592 819 1672 percandida
836 1593 1034 1672 compositio,
1062 1593 1140 1654 ideo-

134 1693 190 1753 que
205 1675 387 1754 elephantine
401 1676 569 1736 nominatur.

159 1763 163 1772 ’
196 1775 246 1834 25.
275 1774 362 1834 Lenia
377 1793 492 1854 quoque
508 1765 647 1855 quaedam
664 1775 819 1856 emplastra
837 1783 917 1851 sunt,
936 1793 1011 1855 quas
1035 1779 1139 1839 λιπα-

134 1851 193 1934 ράς
207 1857 271 1917 lere
287 1859 390 1918 Graeci
405 1858 562 1929 nominant;
585 1869 616 1920 ut
630 1860 658 1920 id
674 1861 750 1939 quod
766 1861 852 1921 habet
865 1861 942 1919 minii
959 1877 988 1938 p.
1007 1864 1077 1940 )·(.
1095 1877 1137 1922 tv.

133 1959 251 2021 spumae
268 1945 379 2020 argenti
396 1962 424 2023 p.
438 1945 492 2024 )·(.
506 1957 587 2008 xxv.
604 1962 691 2005 cerae
702 1990 711 2021 ,
722 1955 757 2024 ¹et
778 1945 870 2024 adipis
889 1943 1010 2020 suillae,
1034 1950 1162 2024 singu-e

133 2025 224 2084 lorum
238 2042 266 2105 p.
282 2029 337 2108 )·(.
354 2041 486 2088 xxxvlt.
504 2027 620 2089 vitellos
638 2038 769 2107 quatuor.

195 2125 245 2188 26.
275 2127 340 2188 Alia
367 2128 538 2207 compositio
562 2130 679 2206 generis
703 2129 846 2205 ejusdem:
881 2147 983 2207 cerae,
1008 2135 1137 2193 resinae

131 2209 358 2288 terebinthinae,
381 2211 558 2290 singulorum
583 2232 612 2292 p.
628 2213 684 2293 )·(.
700 2227 746 2273 vl.
769 2232 905 2275 cerussae
930 2231 957 2293 p.
975 2215 1041 2292 )·(.
1062 2228 1136 2276 vni.

132 2311 250 2372 spumae
267 2297 396 2373 argenti,
418 2295 524 2374 plumbi
542 2300 730 2373 recrementi,
750 2299 927 2376 singulorum
945 2315 973 2376 p.
989 2300 1060 2378 )·(.
1081 2313 1135 2360 xx.

132 2379 215 2438 cicini
232 2377 290 2438 olei
304 2388 332 2439 et
346 2382 447 2440 murtei
464 2381 594 2460 singulae
610 2380 750 2442 heminae.
1142 2406 1159 2444 u

191 2478 242 2537 27.
270 2478 381 2555 Tertia,
411 2499 484 2559 quae
508 2479 544 2540 ad
569 2491 717 2543 auctorem
740 2481 953 2560 Archagathum
979 2482 1134 2544 refertum:

131 2563 204 2632 misy
220 2563 312 2636 cocti,
333 2565 408 2622 aeris
425 2564 581 2642 combusti,
603 2566 780 2644 singulorum
795 2584 823 2645 p.
840 2568 896 2646 )·(.
913 2579 957 2626 lv.
983 2584 1135 2628 cerussae

132 2652 234 2704 coctae
248 2662 283 2723 p.
300 2645 354 2723 )·(.
370 2659 443 2708 vul.
466 2649 580 2710 resinae
603 2650 811 2712 terebinthinae
832 2669 861 2729 p.
877 2653 932 2730 )·(.
948 2664 981 2710 x.
1003 2669 1135 2730 spumae

131 2729 243 2804 argenti
261 2745 289 2806 p.
307 2729 364 2808 )·(.
381 2743 427 2790 vr.

192 2823 242 2886 28.
265 2825 424 2888 Etiamnum
438 2831 556 2906 generis
571 2832 716 2907 eJusdem:
737 2851 856 2912 spumae
872 2836 1002 2910 argenti,
1021 2852 1158 2912 cernes

130 2909 221 2987 adipis
234 2911 352 2989 suillae,
370 2911 548 2990 singulorum
563 2933 591 2994 p.
605 2916 659 2994 )·(.
672 2929 781 2978 xxvn.
795 2916 884 2979 vitelli
899 2920 974 2978 cocti
988 2927 1133 2995 quatuor,

128 3010 215 3053 rosae
236 2994 359 3066 hemina.
393 2998 450 3058 Aut
471 3001 561 3059 cerati
583 3016 621 3059 ex
637 3000 705 3061 oleo
723 3010 835 3062 murteo
849 3001 919 3060 iacti
934 3011 1036 3079 partes
1056 3013 1132 3080 tres,

129 3076 220 3153 adipis
243 3080 344 3139 suillae
368 3098 436 3160 pars
453 3092 572 3160 quarta,
600 3084 715 3161 paulum
737 3103 775 3146 ert
798 3084 906 3163 plumbi
924 3097 1129 3147 recremento.

128 3159 200 3234 Aut,
222 3177 340 3237 spumae
358 3168 469 3242 argenti
484 3165 609 3243 selibra,
632 3186 670 3228 ex
685 3167 743 3230 olei
758 3167 887 3244 hemina,
911 3177 939 3228 et
953 3185 1050 3246 aquae
1069 3189 1127 3230 ma·

128 3243 207 3300 rinae
222 3242 330 3321 altera,
346 3257 446 3324 cocto,
463 3248 559 3314 donec
575 3249 681 3312 bullire
697 3252 830 3328 desierit,
847 3253 892 3312 oui
904 3252 1018 3330 paulum
1034 3271 1156 3314 ceraeu

128 3327 163 3384 sit
174 3323 326 3400 adiectum.
349 3329 421 3404 Aut,
439 3350 525 3410 pares
536 3335 690 3413 portiones
701 3353 800 3411 cerae,
815 3335 1126 3414 sevi,stibis‚spurnue

127 3411 256 3486 argenti,
276 3428 421 3472 cerussae.
