2384 3896
356 213 424 260 urn.
441 211 474 261 v.
497 213 573 262 our.
589 213 714 263 xxvnr.
975 201 1037 264 tlt

24 367 104 446 qnia
130 381 203 427 raro
229 365 314 428 labae
335 366 706 444 magnitudinem'excedit.
742 368 907 428 Virunum
931 375 1038 430 tantum

25 450 150 510 eodem
178 459 314 528 tempore
336 453 477 518 nescitum
515 451 567 510 sed
591 451 655 510 iere
678 451 775 530 plura,
805 453 985 529 maximeque
1010 451 1038 512 iu

25 533 161 612 pueris:
193 550 285 610 eaque
305 549 515 613 nonnumquam
537 532 634 593 subito
654 533 802 610 desinunt,
830 551 1038 612 nonnumquam

23 615 223 676 mediocrem
244 616 490 676 inflammationem
511 619 656 695 excitant3
679 617 733 677 sub
755 635 810 696 qua
832 621 917 677 etiam
941 618 969 676 in
984 632 1038 698 put

5 708 265 760 scunvertuutnr.
280 731 323 746 -
337 699 377 760 At
392 692 521 780 θύμων
536 701 711 774 nominatur,
734 701 811 780 quod
827 717 916 780 super
929 716 1038 778 corpus

28 784 124 861 qnasi
145 783 301 843 verrucula
316 785 438 859 eminet,
455 784 491 844 ad
508 794 600 844 cutem
625 785 726 860 letius,
741 801 827 861 supra
842 792 946 859 tenue,
971 782 1038 842 sub·

29 867 162 942 durum,
186 875 216 926 et
236 867 265 926 iu
285 885 393 928 summo
418 867 729 948 perasperum:'idque
750 885 886 928 summurn
908 865 1038 928 colorem

30 949 124 1030 doris
148 949 239 1025 thymi
259 945 475 1029 repraesentat,
497 950 571 1012 unde
592 952 619 1010 ei
633 969 737 1010 nomeu
753 961 813 1020 ost;
836 951 933 1028 ibique
950 948 1038 1010 facile

31 1034 178 1108 liuditur,
205 1044 235 1094 et
258 1043 438 1103 cruentatur:
469 1031 676 1112 nonnumquam
698 1033 869 1114 aliquantum
891 1033 1039 1110 sauguinis

5 1115 157 1178 cfaudit:
191 1116 312 1196 fereque
340 1119 410 1179 eitra
435 1117 658 1195 magnitudinem
683 1118 769 1179 iubae
797 1118 953 1195 aegyptiae
983 1125 1037 1189 est,

31 1217 106 1260 raro
122 1201 234 1276 majus,
249 1201 390 1262 interdum
407 1204 606 1280 perexiguum.
628 1201 716 1264 blodo
729 1211 823 1262 autem
835 1218 937 1277 uuum,
953 1198 1039 1260 modo
1087 1234 1090 1240 -

32 1283 127 1363 plura
141 1293 301 1345 nascuntur
314 1285 363 1346 vel
375 1287 405 1346 iu
421 1285 542 1364 palmis,
560 1284 609 1353 rel
621 1287 649 1346 in
662 1285 845 1352 inferioribus
858 1282 1038 1362 pedumpar·

34 1367 136 1428 tibus:
161 1367 288 1446 pessima
302 1371 395 1430 tam'eu
410 1370 438 1428 iu
454 1368 610 1430 obscaenis
624 1378 704 1438 sunt;
724 1371 904 1446 maximeque
919 1366 957 1426 ibi
975 1383 1039 1426 sau·

36 1452 162 1529 guinem
173 1449 350 1512 laudaut.--
361 1443 545 1531 Μυρμήκια
558 1461 652 1514 autem
663 1460 802 1514 vocantur
814 1450 964 1512 humiliora
977 1447 1039 1524 thy

5 1535 99 1594 ttmio
123 1534 314 1614 durioraque:
343 1551 418 1614 quae
439 1536 554 1608 radices
574 1535 658 1596 altius
682 1537 817 1612 exigunt,
842 1535 1042 1609 majoremquq

38 1614 180 1678 dolorem
193 1627 325 1687 moveam
348 1619 422 1680 inira
437 1619 510 1695 lata,
526 1636 614 1699 supra
630 1621 723 1678 aute'rn
739 1618 849 1686 tenuia;
868 1617 959 1677 nunus
976 1631 1038 1674 san·
1161 1614 1171 1630 ‘

39 1703 142 1780 guinis
162 1703 289 1772 mittunt;
311 1703 504 1780 magnitudine
523 1705 579 1778 vin¹
594 1719 726 1781 umquam
747 1702 836 1781 lupini
858 1698 971 1760 niodum
989 1715 1038 1756 eu·

40 1784 162 1846 cedunt.
191 1783 354 1846 Nascuntur
372 1803 406 1847 ea
421 1802 538 1865 quoque
550 1794 598 1847 aut
614 1787 642 1846 ln
657 1785 776 1864 palmis,
793 1793 839 1846 aut
854 1785 882 1844 in
897 1781 1038 1842 inferiori»

40 1868 98 1928 bus
116 1867 247 1948 partibus
266 1869 378 1947 pedum.
403 1902 446 1916 -κ
468 1868 574 1930 Clavus
590 1877 684 1932 autem
699 1885 909 1946 nonnumquam
925 1864 1040 1944 quidem

5 1953 133 2014 uetiam
156 1951 242 2028 alibi,
265 1953 318 2013 sed
337 1954 366 2013 in
387 1953 511 2032 pedibus
530 1962 626 2014 tamen
645 1955 769 2016 maxime
793 1953 936 2026 nascitur,
956 1963 1038 2027 prae·

40 2037 134 2113 cipue
154 2053 191 2096 ex
216 2045 353 2105 contuso;
387 2039 517 2116 quamvis
542 2036 682 2113 intqrdum
707 2037 805 2098 aliter:
840 2033 1039 2110 doloremque,

41 2119 158 2180 etiamsi
174 2135 232 2180 uon
245 2120 333 2196 alias,
350 2129 444 2181 tamen
459 2120 629 2198 ingredienti
639 2128 746 2180 morat.
769 2119 814 2182 Ex
826 2117 870 2180 his
883 2115 1038 2179 acrochor-

42 2203 104 2266 don
120 2211 150 2264 et
164 2202 300 2278 thymium
316 2221 406 2283 saepe
422 2205 507 2264 etiam
524 2221 579 2283 per
594 2221 626 2262 se
641 2203 788 2270 liniuntur:
811 2209 842 2262 et
857 2217 915 2278 quo
929 2199 1040 2261 minora

43 2294 130 2360 suut,
154 2303 190 2346 ec
210 2287 317 2364 magis:
339 2287 494 2362 myrmecia
513 2295 541 2347 et
561 2287 636 2346 clari
657 2287 720 2346 sine
741 2286 888 2348 curatione
910 2283 959 2342 vin
981 2297 1043 2362 urn-¹

10 2386 133 2449 aequam
148 2369 289 2434 desinunt.
325 2370 552 2448 Acrochordou,
573 2372 598 2430 si
614 2370 715 2434 excisa
730 2377 791 2445 est,
811 2366 914 2427 nullam
929 2362 1039 2424 radien-

42 2454 105 2514 lam
119 2453 270 2531 relinquit,
293 2456 418 2532 ideoque
432 2453 646 2516 serenaretur
665 2453 794 2531 quidem;
817 2451 924 2526 thymio
940 2447 1038 2508 claro·

47 2555 107 2616 qua
127 2539 249 2612 excisis,
272 2537 372 2600 subter
391 2536 513 2600 rotunda
526 2537 656 2597 radicula
669 2538 813 2610 annuitur,
836 2551 909 2613 quae
926 2531 1041 2611 penitus

48 2620 199 2683 descendit
214 2620 250 2681 ad
265 2638 394 2691 carnem:
416 2639 509 2700 eaque
524 2621 627 2681 relicta
642 2620 717 2680 idem
730 2637 829 2680 rursus
844 2618 950 2693 exigit:
965 2631 1040 2690 myr-

48 2706 141 2764 mecia
162 2704 306 2768 latissimis
320 2704 466 2768 radicibus
482 2703 647 2773 inbuereut;
662 2703 798 2780 ideoque
817 2719 854 2762 ue
870 2699 965 2762 excidi
980 2698 1040 2776 qui·

14 2805 41 2848 ao
52 2788 116 2850 dem
132 2789 191 2848 siue
205 2805 310 2865 magna
327 2789 544 2850 exulceratione
559 2797 689 2866 possunt.
726 2787 847 2848 illarum
861 2782 981 2844 subinde
996 2797 1039 2840 ra·

50 2871 121 2932 dere
144 2871 401 2934 commodissimum
422 2881 482 2933 est:
512 2890 576 2932 uam
598 2873 660 2932 sine
682 2870 743 2932 ulla
762 2869 791 2929 vi
815 2869 858 2928 sio
879 2863 1039 2930 mollescit;

52 2973 102 3030 ac,
117 2955 139 3014 si
155 2957 301 3032 sanguinis
316 2973 432 3036 quoque
450 2956 557 3036 aliquid
569 2957 703 3016 emissum
715 2961 773 3029 est,
791 2967 881 3028 saepe
893 2945 1039 3008 emoritur.

53 3037 170 3098 Tollitur
190 3041 292 3114 etlam,
319 3041 428 3118 siquis
450 3057 514 3098 eum
538 3040 767 3116 circumpurgat,
793 3030 898 3092 deinde
920 3028 1042 3108 imponit

54 3122 187 3199 resinam,
211 3124 256 3182 cai
275 3124 389 3202 miscuit
411 3123 539 3201 pulveris
561 3122 691 3200 paulum,
713 3135 800 3197 quem
814 3133 853 3177 ex
867 3113 965 3194 lapide
980 3129 1040 3172 mo·

20 3206 105 3267 aulari
126 3208 247 3266 contrito
272 3206 353 3267 iecit.
391 3205 497 3266 Cetera
518 3223 591 3264 vero
611 3219 720 3281 genera
742 3199 958 3260 medicamentis
973 3197 1039 3256 adu·

54 3289 138 3350 reuda
159 3297 238 3350 sunt:
262 3289 384 3368 aliisque
404 3289 448 3363 id,
472 3287 549 3368 quod
571 3305 609 3346 ex
626 3288 711 3347 laeoe
727 3285 801 3354 vini:
821 3283 986 3358 myrmeciis
1000 3280 1042 3354 iu,

57 3372 129 3452 quod
144 3391 181 3432 ex
196 3372 319 3435 alumine
336 3382 364 3432 et
379 3371 556 3440 sandaracha
572 3371 619 3446 lit,
635 3369 811 3447 aptissimum
826 3376 881 3429 est.
904 3362 976 3426 ‚Sed
993 3381 1040 3438 ea,

57 3475 126 3536 quaa
140 3457 217 3518 circa
232 3465 314 3534 sunt,
336 3456 415 3520 ioliia
428 3455 546 3531 contegi
561 3453 682 3532 debent,
698 3471 736 3516 ue
748 3454 813 3532 ipsa
828 3465 943 3530 quoquc
960 3445 1039 3508 exul·
