2372 3892
401 215 469 263 aas.
486 215 532 264 vr.
556 215 632 264 ona.
650 217 695 264 vr.
980 207 1041 273 235

36 389 156 432 rassae
169 390 198 450 p.
212 369 266 448 )·(.
278 379 334 428 xv.
349 369 458 447 piperis
469 369 537 446 albi,
553 372 633 429 croci
645 372 738 448 siculi,
753 374 934 449 singolorum
943 393 971 453 p.
985 375 1041 453 )·(.

38 467 164 516 xima
174 455 294 531 gummis
306 471 333 532 p.
342 453 397 530 )·(.
413 467 488 512 xus.
506 454 633 513 cadmiae
650 455 744 515 elotae
760 474 788 534 p.
804 457 859 535 )·(.
879 469 952 518 vm.
983 459 1041 518 lla

40 541 128 600 xime
143 548 238 598 tamen
252 535 357 595 tollere
374 536 536 597 cicatricem
553 538 666 597 ridetur
680 538 718 611 id,
733 541 810 618 quod
821 538 910 602 babet
921 542 1043 618 gummis

41 641 75 702 p.
97 621 158 700 )·(.
174 639 200 681 a.
218 619 363 695 aeruginis
381 635 409 696 p.
425 619 479 696 )·(.
496 635 518 680 1.
536 625 777 698 crocomagmatis
795 625 945 702 p.)·(1t⁷.

4 721 28 763 ‘a
115 705 169 766 26.
192 704 244 764 27.
270 701 323 762 ast
344 702 428 761 etiam
445 720 538 778 genus
555 705 798 782 inflammationis,
819 709 847 768 in
862 726 933 785 qua,
957 709 981 766 si
997 710 1041 768 coi

44 797 164 851 tument
175 805 210 848 ac
221 785 417 846 distenduntur
430 803 492 845 oum
505 786 608 847 dolore
620 788 708 865 oculi,
722 793 888 867 sanguinem
899 809 937 850 ex
947 792 1042 851 fronte

44 874 124 933 udtti
138 871 333 931 necessarium
349 880 408 940 cst3
424 869 568 948 multaque
582 887 655 949 aqua
673 873 765 934 calida
780 883 865 953 caput
876 883 961 952 atque
974 892 1042 934 ooo·

45 957 100 1016 los
121 955 239 1022 lovere:
258 954 444 1030 gargarizare
465 961 502 1013 ex
523 955 674 1031 lenticula,
697 956 744 1016 rel
767 975 804 1016 ex
826 959 873 1018 lici
897 975 1041 1023 cremore:

43 1040 152 1115 inungi
166 1038 281 1098 acribus
294 1037 525 1113 medicamentis,
547 1055 622 1116 qaae
635 1057 723 1115 supra
741 1040 950 1118 comprehensa
964 1049 1042 1106 sunt:

2 1125 234 1200 nomaximeque
261 1138 313 1198 eo,
340 1121 417 1199 qpod
442 1121 601 1200 σφαιρίον
621 1124 794 1198 nominatur,
820 1124 898 1202 qood
919 1123 1042 1200 lapidem

45 1206 226 1267 haematiten
243 1201 340 1284 babet.
361 1203 457 1282 Atque
472 1204 527 1264 alia
542 1221 658 1283 quoque
674 1207 837 1281 milianum,
853 1223 927 1285 quae
942 1207 976 1266 ad
993 1225 1042 1266 en·

46 1289 224 1350 tencaudam
238 1287 442 1366 aspritudinem
458 1288 539 1357 liuut;
556 1288 591 1348 de
608 1307 663 1368 qua
678 1291 808 1368 protinus
823 1291 923 1350 dicam.

116 1372 198 1432 Haeo
218 1381 312 1431 autem
327 1371 573 1432 inflammationem
589 1373 739 1434 oculorum
759 1373 822 1432 iere
840 1374 982 1451 sequutum
1003 1373 1043 1433 io·

48 1456 166 1517 terdum
181 1455 282 1532 major,
298 1454 439 1516 interdum
455 1455 558 1516 levior.
580 1455 797 1535 Nonnumquam
809 1459 892 1516 eliam
903 1451 943 1515 'ex
953 1455 1043 1533 aspri·

8 1553 38 1596 aa
50 1541 152 1602 tudine
173 1539 313 1616 lippitudo
335 1539 380 1606 tim
403 1541 466 1618 ipsa
486 1538 592 1598 deinde.
608 1540 814 1617 aspritudinem
832 1548 933 1616 auget,
956 1540 1043 1616 litque
1061 1599 1063 1604 ,

49 1643 87 1685 ea
105 1625 134 1682 ia
150 1623 214 1683 aliis
225 1621 335 1697 brevis,
349 1623 377 1680 in
391 1622 454 1680 aliis
469 1623 566 1698 longa,
584 1632 612 1681 et
627 1641 702 1702 quae
717 1624 765 1682 vix
781 1640 910 1700 umquam
922 1623 1042 1682 dolatur.

48 1707 83 1768 lu
96 1707 154 1768 hoo
166 1723 274 1782 gemme
285 1704 456 1766 valetudinis
469 1705 580 1784 quidam
593 1723 708 1766 crassas
721 1707 864 1783 durasque
875 1704 1043 1784 palpebras,

50 1801 83 1851 et
97 1789 223 1850 ficulneo
240 1788 329 1864 lolio,
345 1797 374 1848 et
392 1798 527 1867 asperato
545 1790 685 1868 specillo,¹
702 1798 732 1848 et
746 1789 885 1849 interdum
900 1786 1044 1865 scalpello

52 1874 190 1941 eradunt:
213 1889 372 1950 versasque
394 1873 520 1951 quotidie
536 1873 749 1934 medicamentis
767 1873 923 1932 sullricaot.
964 1871 1044 1946 Quae

11 1971 151 2036 roneque
170 1957 223 2016 uisi
247 1957 276 2015 in
299 1971 400 2032 magua
424 1964 594 2034 vetustaque
614 1957 809 2035 aspritudine,
837 1973 932 2034 neque
955 1971 1045 2032 saepe

51 2040 187 2102 iacienda
208 2049 288 2100 sunt:
310 2057 373 2100 uam
394 2039 495 2099 melius
520 2041 623 2100 codem
644 2041 754 2100 ratione
776 2041 869 2100 victus
890 2049 920 2100 et
933 2038 1045 2098 idoneis

53 2124 271 2184 medicamentis
287 2125 464 2201 pervenitur.
501 2121 581 2199 Ergo
596 2122 852 2182 exercitationibus
867 2132 995 2198 utemur,
1016 2129 1046 2180 et

51 2208 160 2268 balneo
175 2207 386 2284 frequentiore;
401 2207 545 2284 multaque
558 2205 661 2266 oculos
674 2223 746 2283 aqua
760 2204 852 2266 calida
864 2201 1043 2264 iovebimus:

56 2291 141 2360 cibos
162 2300 256 2351 autem
276 2307 418 2350 sumemus
433 2307 523 2350 acres
540 2299 569 2350 et
584 2297 787 2364 extenuantem
810 2287 1045 2348 medicamentum

16 2385 46 2426 25
57 2375 97 2451 id,
115 2373 192 2453 quod
207 2374 402 2434 caesarianum
418 2382 546 2434 vocatur.
573 2373 666 2432 Habet
678 2373 825 2433 atramenti
837 2372 936 2432 sutorii
949 2387 976 2446 p.
989 2369 1045 2447 )·(.

56 2473 79 2518 1.
102 2458 176 2533 misp
197 2475 225 2534 p.
243 2459 299 2534 )·(.
320 2470 343 2520 Ι.
362 2476 387 2516 n.
402 2457 514 2534 piperis
532 2456 588 2516 albi
606 2475 634 2535 p.
649 2456 705 2534 )·(.
722 2474 775 2516 aa.
793 2455 947 2533 papaveris
963 2451 1045 2512 lacri-

55 2541 268 2619 mae‚gummis,
278 2541 453 2616 singulorum
468 2559 498 2619 p.
515 2540 570 2618 )·(.
583 2552 619 2600 11.
635 2541 762 2600 cadmiae
777 2539 873 2598 elotae
887 2556 915 2616 p.
928 2536 982 2615 )·(.
996 2549 1044 2596 111.

58 2625 140 2684 stibis
161 2643 190 2703 p.
211 2626 325 2702 )·(.'vt
364 2625 497 2702 Satisque
520 2631 634 2683 constat
656 2622 713 2683 lroo
734 2623 885 2697 collyrium
908 2621 1046 2682 adversus

58 2725 143 2767 omne
170 2724 261 2783 genus
288 2708 438 2768 oculorum
458 2705 630 2768 valetudinis
650 2706 782 2776 idoneum
803 2723 888 2775 esse;
915 2703 1047 2782 exceptis

18 2802 48 2843 ³⁰
58 2794 110 2866 iis,
127 2807 199 2867 quae
215 2790 326 2850 leuibus
341 2791 507 2852 nutriuntur.

123 2872 223 2935 28.Ιά
245 2890 377 2952 quoque,
400 2876 476 2974 quod
494 2875 625 2936 Hieracis
649 2877 822 2949 nominatur,
846 2871 879 2932 ad
897 2866 1046 2946 aspritudi-

58 2975 124 3018 nem
140 2965 247 3036 potest.
279 2955 372 3018 Habet
389 2958 522 3034 myrrhae
540 2977 568 3038 p.
586 2960 641 3037 )·(.
673 2956 866 3018 .ammoniaci
884 2953 1046 3026 tbymiama·

57 3044 95 3112 tis
115 3059 143 3120 p.
161 3042 217 3120 )·(.
238 3055 260 3100 1.
287 3043 431 3118 aeruginis
449 3060 533 3103 rasae
554 3061 583 3120 p.
603 3042 659 3120 )·(.
681 3051 727 3099 1v.
763 3039 807 3098 Ad
824 3037 898 3096 idem
915 3035 1048 3094 idoneum

60 3135 107 3186 est
118 3125 201 3184 etiam
213 3124 251 3200 id,
266 3126 343 3202 quod
354 3123 513 3204 Canopitae
529 3135 584 3200 est,
600 3134 629 3184 et
643 3123 671 3184 id
685 3122 761 3200 quod
773 3117 907 3198 σμιλίον
917 3124 1046 3190 vocatur,

24 3219 89 3268 δῦθι
108 3209 135 3268 id
157 3208 232 3287 quod
253 3210 404 3288 pyxinum,
433 3217 462 3268 et
484 3208 512 3268 id
534 3208 609 3286 quod
626 3203 793 3284 σφαιρίον.
836 3202 867 3262 Si
890 3201 1048 3278 composita
1115 3243 1118 3249 .

60 3292 264 3354 medicamenta
287 3310 344 3352 non
367 3293 486 3366 adsunt,
509 3291 579 3352 lells
606 3291 741 3367 caprino,
763 3285 812 3346 nel
833 3303 918 3365 quam
941 3283 1048 3365 optimo

59 3377 144 3439 melle
160 3377 230 3436 satis
245 3376 396 3436 commode
411 3373 558 3454 aspritudo
573 3381 698 3434 curatur.

121 3461 171 3524 29.
187 3459 240 3519 Est
258 3462 343 3520 etiam
360 3477 453 3537 genus
468 3457 565 3520 aridae
583 3456 774 3536 lippitudinis:
794 3448 1049 3532 ξηροφθαλμιάν
