2372 3892
370 211 476 260 creua
491 211 553 260 vn.
573 211 648 260 ose.
663 211 700 260 11.
984 201 1045 264 265

38 365 138 428 altius
153 363 256 426 malum
274 373 333 442 est,
354 366 533 427 considerari
547 366 650 442 debet,
666 383 846 428 nervosusne
860 367 885 427 is
900 367 983 428 locus
998 371 1035 429 sit

39 469 84 512 an
113 467 172 511 nou
198 453 244 509 sit.
277 449 350 510 Nam
370 453 394 510 si
416 452 479 510 sine
501 453 598 510 nervis
625 460 685 528 est,
714 451 846 511 candenti
870 453 1044 513 ferramento

2 531 22 554 '
39 535 160 614 aperiri
178 533 280 594 debet:
298 536 380 609 cujus
395 534 468 594 baec
481 535 573 612 gratia
591 544 649 611 est,
666 535 743 616 quod
760 536 865 611 exigua
881 536 967 614 plaga
986 537 1045 597 diu·

38 619 108 678 tius
127 617 161 678 ad
180 636 234 696 pus
251 617 428 678 evocandum
449 625 543 698 patet,
565 635 712 697 parvaque
735 627 838 697 postea
863 618 984 679 cicatrix
1003 622 1044 679 lit.

2 710 15 748 ’·
40 702 88 763 At
105 701 131 760 si
148 702 229 760 nervi
241 703 325 777 juxta
341 711 418 776 sunt,
441 703 516 778 ignis
531 701 640 761 alienus
654 709 712 779 est,
729 719 764 761 ne
785 702 832 761 vel
850 702 1046 762 distendantur

39 783 95 864 hi,
111 785 161 845 vel
176 785 331 844 membrum
346 784 510 845 debilitent:
527 787 691 845 necessaria
712 803 782 846 vero
799 803 889 864 opera
911 787 1046 866 scalpelli

41 879 105 930 est.
133 869 191 929 Sed
210 877 308 932 cetera
321 871 405 928 etiam
422 867 563 928 subcruda
576 870 681 947 aperiri
696 879 831 948 possunt:
848 873 923 931 inter
937 889 1045 930 nervos

40 953 150 1014 ultima
165 953 361 1031 exspectanda
372 953 518 1012 maturitas
530 961 589 1027 est,
606 970 679 1030 quae
693 962 784 1013 cutem
800 962 946 1031 extenuet,
959 957 1044 1032 eique

40 1055 106 1116 pus
128 1037 245 1112 jungat,
272 1053 330 1113 quo
355 1037 476 1116 propius
499 1035 668 1114 reperiatur.
706 1035 833 1116 Itemque
859 1037 914 1097 alia
935 1047 1045 1100 rectam

1 1120 168 1201 uplagam
189 1119 367 1181 desiderant:
394 1121 423 1182 in
448 1136 539 1199 pano,
564 1121 630 1198 quia
657 1120 721 1179 iere
742 1120 929 1180 vehementer
950 1131 1045 1188 cotem

42 1212 205 1279 extenuat,
227 1212 287 1264 tota
303 1221 337 1263 ea
353 1221 442 1283 super
465 1221 519 1282 pus
534 1203 693 1266 excidenda
710 1213 763 1268 est.
799 1206 921 1282 Semper
938 1212 1044 1280 autem,

41 1288 99 1349 ubi
115 1286 274 1367 scalpellus
291 1288 476 1364 admovetur,
492 1286 520 1346 id
536 1288 677 1364 agendum
695 1296 755 1363 est,
774 1297 804 1346 ut
820 1297 849 1347 et
865 1304 948 1366 quam
964 1289 1044 1347 mini·

41 1389 114 1433 mae
139 1379 168 1430 et
191 1389 274 1450 quam
296 1373 487 1450 paucissimae
509 1371 615 1450 plagae
640 1373 711 1431 sint:
738 1389 801 1431 curn
824 1388 861 1430 eo
883 1381 993 1447 tamen,
1016 1379 1046 1431 ut

43 1456 220 1516 necessitati
236 1472 436 1516 succurramus
451 1464 480 1514 et
500 1456 526 1514 io
542 1455 647 1531 modo,
671 1464 699 1514 et
715 1455 744 1513 in
766 1471 884 1514 numero
902 1455 949 1532 (P.
966 1455 1043 1531 Aeg.

1 1553 31 1593 >⁵
42 1540 107 1617 Vl,
126 1539 192 1617 34).
228 1539 300 1599 Nam
314 1541 440 1615 maj0res
455 1541 532 1598 sinus
548 1538 647 1607 latius;
665 1537 805 1598 interdurn
824 1541 907 1598 etiam
923 1538 1043 1614 duabus,

44 1633 99 1683 aut
119 1622 210 1683 tribus
231 1624 314 1683 lineis
335 1623 477 1682 incidendi
498 1630 571 1681 sunt.
612 1622 770 1701 Dandaque
794 1640 901 1700 opera,
921 1631 951 1681 ut
971 1623 1043 1680 imus

44 1709 130 1768 sinus
145 1705 385 1777 exinanitatem
402 1725 438 1766 ne
453 1708 516 1785 quis
529 1705 631 1766 humor
651 1707 727 1766 intus
742 1705 888 1782 subsidat,
909 1707 955 1784 qui
977 1723 1043 1784 pro·

44 1793 127 1852 xima
138 1800 168 1850 et
178 1791 271 1851 adbuc
283 1807 350 1851 sana
363 1791 491 1851 rodendo
503 1792 605 1850 sinuat.
628 1789 681 1849 Est
693 1791 776 1850 etiam
786 1792 814 1848 in
826 1808 921 1849 rerum
933 1799 1043 1866 natura,

44 1884 80 1934 ut
96 1876 170 1934 cutis
190 1875 274 1934 latius
297 1875 453 1937 excidenda
476 1876 521 1933 sit.
552 1871 638 1949 Nam,
660 1874 708 1934 ulti
725 1882 790 1951 post
806 1874 912 1950 longos
926 1872 1044 1932 morbos

0 1966 133 2019 ototus
158 1959 288 2037 corporis
303 1959 415 2018 babitus
437 1958 551 2018 vitiatus
567 1967 628 2033 est,
645 1958 760 2037 lateque
776 1975 808 2016 se
825 1959 902 2016 sinas
918 1956 1043 2033 suffudit,

45 2051 80 2104 et
97 2045 127 2101 in
144 2059 179 2100 eo
191 2043 251 2117 jam
268 2043 340 2102 cutis
356 2041 459 2120 pallet;
475 2043 551 2101 scire
564 2042 632 2101 licet
648 2059 709 2101 eam
720 2042 779 2115 jam
792 2049 949 2100 emortuam
964 2059 1042 2116 esse,

46 2135 81 2186 et
100 2125 227 2186 inutilem
248 2127 384 2186 futuram:
407 2125 531 2204 ideoque
553 2125 689 2184 excidere
713 2123 891 2184 commodius
906 2132 965 2192 est;
986 2141 1042 2182 ma·

8 2229 15 2234 ’
46 2210 141 2286 xime,
169 2210 293 2270 sicima
321 2209 458 2268 articulos
491 2210 619 2284 majores
640 2206 667 2266 id
692 2207 804 2283 evenit,
833 2206 1042 2284 cubantemque
1140 2203 1146 2213 '

47 2311 170 2370 aegrum
186 2293 278 2352 fluens
296 2294 376 2354 alvus
394 2293 540 2367 exhaurit,
560 2309 655 2369 neque
671 2308 725 2369 per
741 2291 873 2351 alimenta
890 2289 1044 2368 quidquam

3 2397 36 2438 as
50 2377 172 2455 corpori
186 2377 308 2436 accedit.
339 2375 398 2435 Sed
419 2375 513 2435 excidi
534 2377 572 2435 ita
590 2374 695 2450 debet,
716 2383 746 2434 ut
760 2373 847 2453 pla'ga
865 2372 900 2434 ad
916 2373 1043 2432 similitu·

48 2461 147 2520 dinem
160 2461 262 2535 myrtei
273 2461 335 2521 iclii
348 2459 407 2538 liat,
420 2478 476 2539 quo
488 2458 601 2519 facilius
615 2467 748 2518 sanescat
762 2458 809 2537 (P.
822 2457 956 2535 Aeg.Vl,
970 2457 1042 2534 34);

48 2543 139 2628 idque
158 2553 327 2623 perpetuum
351 2553 412 2619 est,
433 2544 604 2626 ubicumque
615 2541 747 2602 ‘medicos
763 2550 791 2602 ct
812 2558 991 2620 quacumque
1007 2541 1044 2600 de

49 2644 141 2688 causa
153 2636 247 2687 cotem
261 2627 377 2687 excidit.
406 2627 480 2687 Pure
495 2628 603 2703 eliuso,
622 2628 650 2685 iu
663 2626 718 2686 alis
733 2626 781 2686 vel
797 2625 959 2703 inguinibus
973 2625 1043 2685 lina·

48 2719 148 2770 mento
172 2729 245 2790 opus
266 2729 323 2771 non
344 2719 402 2778 est;
419 2712 541 2790 spongia
565 2729 602 2770 ex
624 2711 692 2769 vino
716 2710 887 2790 imponenda
915 2718 967 2769 est.
1011 2709 1044 2768 ln

8 2819 37 2860 ao
51 2795 162 2856 ceteris
177 2794 321 2873 partibus,
341 2796 365 2854 si
376 2813 470 2872 aeque
484 2796 635 2854 linamenta
652 2813 830 2872 supervacua
845 2802 923 2868 sunt,
938 2809 1042 2871 purga·
1143 2831 1147 2840 ·

48 2879 139 2938 tionis
165 2895 252 2938 carisa
278 2877 391 2957 paulum
416 2879 510 2938 mellis
538 2877 753 2944 infundendum
781 2877 847 2936 dein
875 2876 1043 2951 glutinantia

50 2962 249 3040 superdanda:
266 2965 290 3021 si
302 2961 351 3022 illa
363 2963 530 3021 neccssaria
546 2970 625 3037 sunt,
638 2978 725 3038 super
740 2978 774 3019 ea
787 2976 903 3036 quoque
915 2957 1044 3018 similiter

50 3047 115 3106 dari
136 3047 259 3123 spongia
275 3045 480 3105 eodemmodo
498 3046 615 3104 euvino
634 3061 773 3120 expressa
791 3041 887 3101 debet.
922 3041 1042 3116 Quando
1084 3105 1092 3120 s

52 3139 148 3190 autem
165 3130 324 3189 linamentis
343 3147 416 3207 opus
435 3131 488 3205 sit,
505 3127 617 3207 quando
637 3143 694 3185 nou
711 3128 762 3202 sit,
780 3125 850 3186 alias
866 3123 970 3184 dictum
989 3134 1042 3186 est.

13 3213 160 3282 saGetera
187 3213 303 3290 eadem,
330 3215 420 3273 incisa
447 3212 666 3291 suppuratione,
693 3209 825 3270 iacienda
852 3218 931 3284 sunt,
959 3227 1043 3287 quae,

50 3297 101 3358 ubi
117 3316 171 3375 per
186 3291 391 3357 medicamenta
409 3305 491 3376 rupta
512 3303 572 3372 est,
590 3293 721 3354 iacienda
743 3311 810 3354 esse
828 3294 965 3374 proposui
987 3291 1041 3370 (ci.

50 3381 329 3460 mmmmm
