<?xml version="1.0" encoding="UTF-8"?>
<!DOCTYPE html PUBLIC "-//W3C//DTD XHTML 1.0 Transitional//EN"
    "http://www.w3.org/TR/xhtml1/DTD/xhtml1-transitional.dtd">
<html xmlns="http://www.w3.org/1999/xhtml" xml:lang="en" lang="en">
 <head>
  <title>
</title>
<meta http-equiv="Content-Type" content="text/html;charset=utf-8" />
  <meta name='ocr-system' content='tesseract 3.04.00' />
  <meta name='ocr-capabilities' content='ocr_page ocr_carea ocr_par ocr_line ocrx_word'/>
</head>
<body>
  <div class='ocr_page' id='page_1' title='image "./demedicinalibri00daregoog_0245.png"; bbox 0 0 2384 3896; ppageno 0'>
   <div class='ocr_carea' id='block_1_1' title="bbox 344 203 1035 272">
    <p class='ocr_par' dir='ltr' id='par_1_1' title="bbox 344 203 1035 272">
     <span class='ocr_line' id='line_1_1' title="bbox 344 203 1035 272; baseline 0 -12"><span class='ocrx_word' id='word_1_1' title='bbox 344 211 440 260; x_wconf 79' lang='lat' dir='ltr'><strong>-nura</strong></span> <span class='ocrx_word' id='word_1_2' title='bbox 458 211 490 260; x_wconf 87' lang='lat' dir='ltr'><strong>v.</strong></span> <span class='ocrx_word' id='word_1_3' title='bbox 507 211 583 261; x_wconf 75' lang='lat' dir='ltr'><strong>rme.</strong></span> <span class='ocrx_word' id='word_1_4' title='bbox 600 213 701 262; x_wconf 23' lang='lat' dir='ltr'><strong>unm.</strong></span> <span class='ocrx_word' id='word_1_5' title='bbox 975 203 1035 272; x_wconf 79' lang='lat'><strong>193</strong></span> 
     </span>
    </p>
   </div>
   <div class='ocr_carea' id='block_1_2' title="bbox 19 361 1035 451">
    <p class='ocr_par' dir='ltr' id='par_1_2' title="bbox 19 361 1035 451">
     <span class='ocr_line' id='line_1_2' title="bbox 19 361 1035 451; baseline -0.001 -20"><span class='ocrx_word' id='word_1_6' title='bbox 19 378 113 444; x_wconf 83' lang='lat' dir='ltr'><strong>tum,</strong></span> <span class='ocrx_word' id='word_1_7' title='bbox 139 365 192 426; x_wconf 89' lang='lat' dir='ltr'><strong>sed</strong></span> <span class='ocrx_word' id='word_1_8' title='bbox 215 361 327 444; x_wconf 88' lang='lat' dir='ltr'><strong>panium</strong></span> <span class='ocrx_word' id='word_1_9' title='bbox 351 367 491 443; x_wconf 75' lang='lat' dir='ltr'>utrimque</span> <span class='ocrx_word' id='word_1_10' title='bbox 514 369 598 428; x_wconf 84' lang='lat' dir='ltr'><strong>etium</strong></span> <span class='ocrx_word' id='word_1_11' title='bbox 622 385 689 428; x_wconf 88' lang='lat' dir='ltr'><strong>cras</strong></span> <span class='ocrx_word' id='word_1_12' title='bbox 713 369 777 444; x_wconf 87' lang='lat' dir='ltr'><strong>ejus</strong></span> <span class='ocrx_word' id='word_1_13' title='bbox 798 371 1035 451; x_wconf 81' lang='lat' dir='ltr'><strong>comprehendat.</strong></span> 
     </span>
    </p>
   </div>
   <div class='ocr_carea' id='block_1_3' title="bbox 23 451 1156 528">
    <p class='ocr_par' dir='ltr' id='par_1_3' title="bbox 23 451 1156 528">
     <span class='ocr_line' id='line_1_3' title="bbox 23 451 1156 528; baseline 0.001 -14"><span class='ocrx_word' id='word_1_14' title='bbox 23 455 62 514; x_wconf 92' lang='lat' dir='ltr'><strong>Si</strong></span> <span class='ocrx_word' id='word_1_15' title='bbox 87 451 128 511; x_wconf 87' lang='lat' dir='ltr'><strong>ab</strong></span> <span class='ocrx_word' id='word_1_16' title='bbox 150 451 240 510; x_wconf 84' lang='lat' dir='ltr'><strong>altera</strong></span> <span class='ocrx_word' id='word_1_17' title='bbox 262 458 344 528; x_wconf 86' lang='lat' dir='ltr'><strong>parte</strong></span> <span class='ocrx_word' id='word_1_18' title='bbox 365 467 435 508; x_wconf 88' lang='lat' dir='ltr'><strong>caro</strong></span> <span class='ocrx_word' id='word_1_19' title='bbox 456 453 549 527; x_wconf 79' lang='lat' dir='ltr'><strong>magis</strong></span> <span class='ocrx_word' id='word_1_20' title='bbox 563 453 704 528; x_wconf 75' lang='lat' dir='ltr'><strong>recessit,</strong></span> <span class='ocrx_word' id='word_1_21' title='bbox 730 452 766 513; x_wconf 88' lang='lat' dir='ltr'><strong>ab</strong></span> <span class='ocrx_word' id='word_1_22' title='bbox 782 471 818 513; x_wconf 91' lang='lat' dir='ltr'><strong>ea</strong></span> <span class='ocrx_word' id='word_1_23' title='bbox 831 456 935 516; x_wconf 84' lang='lat' dir='ltr'><strong>melias</strong></span> <span class='ocrx_word' id='word_1_24' title='bbox 950 465 1035 516; x_wconf 87' lang='lat' dir='ltr'><strong>attru·</strong></span> <span class='ocrx_word' id='word_1_25' title='bbox 1153 495 1156 504; x_wconf 82' lang='lat'><em>·</em></span> 
     </span>
    </p>
   </div>
   <div class='ocr_carea' id='block_1_4' title="bbox 0 532 1063 2869">
    <p class='ocr_par' dir='ltr' id='par_1_4' title="bbox 0 532 1063 2869">
     <span class='ocr_line' id='line_1_4' title="bbox 24 532 1036 615; baseline 0.003 -19"><span class='ocrx_word' id='word_1_26' title='bbox 24 537 133 597; x_wconf 77' lang='lat' dir='ltr'><strong>initur:</strong></span> <span class='ocrx_word' id='word_1_27' title='bbox 160 535 183 593; x_wconf 91' lang='lat' dir='ltr'><strong>si</strong></span> <span class='ocrx_word' id='word_1_28' title='bbox 198 550 291 609; x_wconf 92' lang='lat' dir='ltr'><strong>aeque</strong></span> <span class='ocrx_word' id='word_1_29' title='bbox 309 532 345 591; x_wconf 89' lang='lat' dir='ltr'><strong>ab</strong></span> <span class='ocrx_word' id='word_1_30' title='bbox 361 542 497 610; x_wconf 87' lang='lat' dir='ltr'><strong>utraque,</strong></span> <span class='ocrx_word' id='word_1_31' title='bbox 522 544 688 594; x_wconf 87' lang='lat' dir='ltr'><strong>transversa</strong></span> <span class='ocrx_word' id='word_1_32' title='bbox 704 538 953 615; x_wconf 86' lang='lat' dir='ltr'><strong>comprehendere</strong></span> <span class='ocrx_word' id='word_1_33' title='bbox 969 557 1036 599; x_wconf 88' lang='lat' dir='ltr'><strong>oras</strong></span> 
     </span>
     <span class='ocr_line' id='line_1_5' title="bbox 26 616 1035 701; baseline 0.003 -22"><span class='ocrx_word' id='word_1_34' title='bbox 26 619 147 688; x_wconf 79' lang='lat' dir='ltr'><strong>debet3</strong></span> <span class='ocrx_word' id='word_1_35' title='bbox 170 626 217 677; x_wconf 91' lang='lat' dir='ltr'><strong>ant</strong></span> <span class='ocrx_word' id='word_1_36' title='bbox 238 617 263 674; x_wconf 90' lang='lat' dir='ltr'><strong>si</strong></span> <span class='ocrx_word' id='word_1_37' title='bbox 286 616 315 676; x_wconf 93' lang='lat' dir='ltr'><strong>id</strong></span> <span class='ocrx_word' id='word_1_38' title='bbox 335 616 464 676; x_wconf 80' lang='lat' dir='ltr'><strong>vulneris</strong></span> <span class='ocrx_word' id='word_1_39' title='bbox 488 619 561 678; x_wconf 88' lang='lat' dir='ltr'><strong>ratio</strong></span> <span class='ocrx_word' id='word_1_40' title='bbox 583 635 641 676; x_wconf 91' lang='lat' dir='ltr'><strong>non</strong></span> <span class='ocrx_word' id='word_1_41' title='bbox 657 620 777 696; x_wconf 89' lang='lat' dir='ltr'><strong>patitur,</strong></span> <span class='ocrx_word' id='word_1_42' title='bbox 803 623 895 682; x_wconf 87' lang='lat' dir='ltr'><strong>media</strong></span> <span class='ocrx_word' id='word_1_43' title='bbox 915 625 1035 701; x_wconf 84' lang='lat' dir='ltr'><strong>primurn</strong></span> 
     </span>
     <span class='ocr_line' id='line_1_6' title="bbox 2 699 1036 780; baseline 0.006 -22"><span class='ocrx_word' id='word_1_44' title='bbox 2 719 15 758; x_wconf 88' lang='grc' dir='ltr'><strong>ε</strong></span> <span class='ocrx_word' id='word_1_45' title='bbox 28 701 196 780; x_wconf 79' lang='lat' dir='ltr'><strong>injicienda</strong></span> <span class='ocrx_word' id='word_1_46' title='bbox 212 708 271 767; x_wconf 86' lang='lat' dir='ltr'><strong>est;</strong></span> <span class='ocrx_word' id='word_1_47' title='bbox 289 709 317 759; x_wconf 91' lang='lat' dir='ltr'><strong>ut</strong></span> <span class='ocrx_word' id='word_1_48' title='bbox 333 708 390 760; x_wconf 81' lang='lat' dir='ltr'><strong>tarn</strong></span> <span class='ocrx_word' id='word_1_49' title='bbox 405 702 434 758; x_wconf 91' lang='lat' dir='ltr'><strong>in</strong></span> <span class='ocrx_word' id='word_1_50' title='bbox 449 699 719 780; x_wconf 85' lang='lat' dir='ltr'><strong>utramquepartem</strong></span> <span class='ocrx_word' id='word_1_51' title='bbox 731 703 859 764; x_wconf 89' lang='lat' dir='ltr'><strong>ducatur.</strong></span> <span class='ocrx_word' id='word_1_52' title='bbox 881 707 930 765; x_wconf 85' lang='lat' dir='ltr'><strong>Sic</strong></span> <span class='ocrx_word' id='word_1_53' title='bbox 942 715 1036 766; x_wconf 86' lang='lat' dir='ltr'><strong>autem</strong></span> 
     </span>
     <span class='ocr_line' id='line_1_7' title="bbox 29 784 1037 867; baseline 0.001 -20"><span class='ocrx_word' id='word_1_54' title='bbox 29 784 195 863; x_wconf 84' lang='lat' dir='ltr'><strong>deliganda</strong></span> <span class='ocrx_word' id='word_1_55' title='bbox 212 792 272 859; x_wconf 91' lang='lat' dir='ltr'><strong>est,</strong></span> <span class='ocrx_word' id='word_1_56' title='bbox 298 793 329 843; x_wconf 88' lang='lat' dir='ltr'><strong>ut</strong></span> <span class='ocrx_word' id='word_1_57' title='bbox 346 794 376 843; x_wconf 94' lang='lat' dir='ltr'><strong>et</strong></span> <span class='ocrx_word' id='word_1_58' title='bbox 392 786 549 860; x_wconf 75' lang='lat' dir='ltr'><strong>contineat,</strong></span> <span class='ocrx_word' id='word_1_59' title='bbox 575 803 669 863; x_wconf 82' lang='lat' dir='ltr'><strong>neque</strong></span> <span class='ocrx_word' id='word_1_60' title='bbox 686 786 861 863; x_wconf 74' lang='lat' dir='ltr'><strong>adstringat:</strong></span> <span class='ocrx_word' id='word_1_61' title='bbox 886 788 962 867; x_wconf 86' lang='lat' dir='ltr'><strong>qued</strong></span> <span class='ocrx_word' id='word_1_62' title='bbox 979 805 1037 848; x_wconf 88' lang='lat' dir='ltr'><strong>non</strong></span> 
     </span>
     <span class='ocr_line' id='line_1_8' title="bbox 30 867 1035 950; baseline 0 -20"><span class='ocrx_word' id='word_1_63' title='bbox 30 871 222 950; x_wconf 84' lang='lat' dir='ltr'><strong>continetur,</strong></span> <span class='ocrx_word' id='word_1_64' title='bbox 246 867 383 935; x_wconf 85' lang='lat' dir='ltr'><strong>elabitur;</strong></span> <span class='ocrx_word' id='word_1_65' title='bbox 406 868 483 945; x_wconf 90' lang='lat' dir='ltr'><strong>quud</strong></span> <span class='ocrx_word' id='word_1_66' title='bbox 499 869 581 928; x_wconf 83' lang='lat' dir='ltr'><strong>nimis</strong></span> <span class='ocrx_word' id='word_1_67' title='bbox 597 868 763 930; x_wconf 88' lang='lat' dir='ltr'><strong>adstrictum</strong></span> <span class='ocrx_word' id='word_1_68' title='bbox 780 880 841 945; x_wconf 85' lang='lat' dir='ltr'><strong>est,</strong></span> <span class='ocrx_word' id='word_1_69' title='bbox 864 890 969 933; x_wconf 90' lang='lat' dir='ltr'><strong>cancro</strong></span> <span class='ocrx_word' id='word_1_70' title='bbox 985 890 1035 950; x_wconf 91' lang='lat' dir='ltr'><strong>pe·</strong></span> 
     </span>
     <span class='ocr_line' id='line_1_9' title="bbox 29 951 1036 1030; baseline 0.002 -17"><span class='ocrx_word' id='word_1_71' title='bbox 29 952 192 1013; x_wconf 87' lang='lat' dir='ltr'><strong>riclitatur.</strong></span> <span class='ocrx_word' id='word_1_72' title='bbox 236 951 338 1010; x_wconf 86' lang='lat' dir='ltr'><strong>Hieme</strong></span> <span class='ocrx_word' id='word_1_73' title='bbox 362 954 478 1030; x_wconf 88' lang='lat' dir='ltr'><strong>saepius</strong></span> <span class='ocrx_word' id='word_1_74' title='bbox 504 953 595 1012; x_wconf 78' lang='lat' dir='ltr'><strong>fascia</strong></span> <span class='ocrx_word' id='word_1_75' title='bbox 617 953 773 1012; x_wconf 84' lang='lat' dir='ltr'><strong>circumire</strong></span> <span class='ocrx_word' id='word_1_76' title='bbox 789 953 891 1015; x_wconf 74' lang='lat' dir='ltr'><strong>debet:</strong></span> <span class='ocrx_word' id='word_1_77' title='bbox 926 965 1036 1016; x_wconf 86' lang='lat' dir='ltr'><strong>aestate</strong></span> 
     </span>
     <span class='ocr_line' id='line_1_10' title="bbox 31 1035 1037 1116; baseline 0.001 -19"><span class='ocrx_word' id='word_1_78' title='bbox 31 1038 159 1116; x_wconf 84' lang='lat' dir='ltr'><strong>quoties</strong></span> <span class='ocrx_word' id='word_1_79' title='bbox 174 1051 298 1097; x_wconf 85' lang='lat' dir='ltr'><strong>neccsse</strong></span> <span class='ocrx_word' id='word_1_80' title='bbox 315 1044 368 1115; x_wconf 80' lang='lat' dir='ltr'><strong>est.</strong></span> <span class='ocrx_word' id='word_1_81' title='bbox 393 1035 463 1095; x_wconf 82' lang='lat' dir='ltr'><strong>Turn</strong></span> <span class='ocrx_word' id='word_1_82' title='bbox 479 1046 607 1096; x_wconf 85' lang='lat' dir='ltr'><strong>extrema</strong></span> <span class='ocrx_word' id='word_1_83' title='bbox 624 1055 691 1115; x_wconf 85' lang='lat' dir='ltr'><strong>pars</strong></span> <span class='ocrx_word' id='word_1_84' title='bbox 707 1038 770 1112; x_wconf 74' lang='lat' dir='ltr'><strong>cina</strong></span> <span class='ocrx_word' id='word_1_85' title='bbox 787 1037 969 1100; x_wconf 81' lang='lat' dir='ltr'><strong>inferioribus</strong></span> <span class='ocrx_word' id='word_1_86' title='bbox 982 1057 1037 1098; x_wconf 87' lang='lat' dir='ltr'><strong>acu</strong></span> 
     </span>
     <span class='ocr_line' id='line_1_11' title="bbox 4 1119 1036 1198; baseline -0.001 -17"><span class='ocrx_word' id='word_1_87' title='bbox 4 1119 187 1182; x_wconf 72' lang='lat' dir='ltr'><strong>rennuenda</strong></span> <span class='ocrx_word' id='word_1_88' title='bbox 208 1127 267 1178; x_wconf 86' lang='lat' dir='ltr'><strong>eut:</strong></span> <span class='ocrx_word' id='word_1_89' title='bbox 297 1137 360 1178; x_wconf 92' lang='lat' dir='ltr'><strong>nam</strong></span> <span class='ocrx_word' id='word_1_90' title='bbox 381 1119 474 1178; x_wconf 85' lang='lat' dir='ltr'><strong>nodus</strong></span> <span class='ocrx_word' id='word_1_91' title='bbox 498 1121 599 1182; x_wconf 87' lang='lat' dir='ltr'><strong>vulnus</strong></span> <span class='ocrx_word' id='word_1_92' title='bbox 619 1120 722 1196; x_wconf 89' lang='lat' dir='ltr'><strong>laedit,</strong></span> <span class='ocrx_word' id='word_1_93' title='bbox 749 1123 804 1180; x_wconf 87' lang='lat' dir='ltr'><strong>nisi</strong></span> <span class='ocrx_word' id='word_1_94' title='bbox 826 1131 921 1182; x_wconf 91' lang='lat' dir='ltr'><strong>tamen</strong></span> <span class='ocrx_word' id='word_1_95' title='bbox 945 1121 1036 1198; x_wconf 78' lang='lat' dir='ltr'><strong>longe</strong></span> 
     </span>
     <span class='ocr_line' id='line_1_12' title="bbox 32 1202 1036 1284; baseline -0.001 -19"><span class='ocrx_word' id='word_1_96' title='bbox 32 1215 96 1265; x_wconf 82' lang='lat' dir='ltr'><strong>est.</strong></span> <span class='ocrx_word' id='word_1_97' title='bbox 133 1202 192 1263; x_wconf 85' lang='lat' dir='ltr'><strong>tito</strong></span> <span class='ocrx_word' id='word_1_98' title='bbox 209 1203 350 1265; x_wconf 72' lang='lat' dir='ltr'><strong>seminem</strong></span> <span class='ocrx_word' id='word_1_99' title='bbox 371 1203 468 1281; x_wconf 85' lang='lat' dir='ltr'><strong>decipi</strong></span> <span class='ocrx_word' id='word_1_100' title='bbox 492 1204 592 1280; x_wconf 85' lang='lat' dir='ltr'><strong>decet,</strong></span> <span class='ocrx_word' id='word_1_101' title='bbox 618 1213 648 1262; x_wconf 89' lang='lat' dir='ltr'><strong>ut</strong></span> <span class='ocrx_word' id='word_1_102' title='bbox 662 1206 810 1284; x_wconf 79' lang='lat' dir='ltr'><strong>propriam</strong></span> <span class='ocrx_word' id='word_1_103' title='bbox 825 1207 940 1268; x_wconf 85' lang='lat' dir='ltr'><strong>viscera</strong></span> <span class='ocrx_word' id='word_1_104' title='bbox 955 1222 1036 1265; x_wconf 87' lang='lat' dir='ltr'><strong>eura·</strong></span> 
     </span>
     <span class='ocr_line' id='line_1_13' title="bbox 32 1287 1037 1369; baseline -0.002 -19"><span class='ocrx_word' id='word_1_105' title='bbox 32 1291 151 1350; x_wconf 84' lang='lat' dir='ltr'><strong>tionem</strong></span> <span class='ocrx_word' id='word_1_106' title='bbox 171 1289 333 1364; x_wconf 75' lang='lat' dir='ltr'><strong>requirant,</strong></span> <span class='ocrx_word' id='word_1_107' title='bbox 356 1287 393 1346; x_wconf 92' lang='lat' dir='ltr'><strong>de</strong></span> <span class='ocrx_word' id='word_1_108' title='bbox 416 1287 520 1366; x_wconf 88' lang='lat' dir='ltr'><strong>quibus</strong></span> <span class='ocrx_word' id='word_1_109' title='bbox 541 1305 628 1366; x_wconf 86' lang='lat' dir='ltr'><strong>supra</strong></span> <span class='ocrx_word' id='word_1_110' title='bbox 649 1290 743 1366; x_wconf 91' lang='lat' dir='ltr'><strong>posui.</strong></span> <span class='ocrx_word' id='word_1_111' title='bbox 778 1288 851 1347; x_wconf 82' lang='lat' dir='ltr'><strong>Nam</strong></span> <span class='ocrx_word' id='word_1_112' title='bbox 873 1289 958 1369; x_wconf 78' lang='lat' dir='ltr'><strong>piaqa</strong></span> <span class='ocrx_word' id='word_1_113' title='bbox 974 1290 1037 1367; x_wconf 84' lang='lat' dir='ltr'><strong>ipsu</strong></span> 
     </span>
     <span class='ocr_line' id='line_1_14' title="bbox 34 1370 1036 1449; baseline -0.001 -16"><span class='ocrx_word' id='word_1_114' title='bbox 34 1371 170 1433; x_wconf 83' lang='lat' dir='ltr'><strong>curanda</strong></span> <span class='ocrx_word' id='word_1_115' title='bbox 191 1371 372 1430; x_wconf 84' lang='lat' dir='ltr'><strong>extrinsecus</strong></span> <span class='ocrx_word' id='word_1_116' title='bbox 392 1371 439 1430; x_wconf 87' lang='lat' dir='ltr'><strong>vel</strong></span> <span class='ocrx_word' id='word_1_117' title='bbox 460 1380 574 1448; x_wconf 85' lang='lat' dir='ltr'><strong>sutura,</strong></span> <span class='ocrx_word' id='word_1_118' title='bbox 599 1370 646 1430; x_wconf 89' lang='lat' dir='ltr'><strong>vel</strong></span> <span class='ocrx_word' id='word_1_119' title='bbox 667 1371 724 1431; x_wconf 83' lang='lat' dir='ltr'><strong>elic</strong></span> <span class='ocrx_word' id='word_1_120' title='bbox 746 1371 905 1434; x_wconf 79' lang='lat' dir='ltr'><strong>medicinae</strong></span> <span class='ocrx_word' id='word_1_121' title='bbox 926 1390 1036 1449; x_wconf 79' lang='lat' dir='ltr'><strong>genere</strong></span> 
     </span>
     <span class='ocr_line' id='line_1_15' title="bbox 35 1453 1037 1533; baseline -0.003 -17"><span class='ocrx_word' id='word_1_122' title='bbox 35 1465 96 1516; x_wconf 82' lang='lat' dir='ltr'><strong>est.</strong></span> <span class='ocrx_word' id='word_1_123' title='bbox 132 1455 165 1514; x_wconf 85' lang='lat' dir='ltr'><strong>lu</strong></span> <span class='ocrx_word' id='word_1_124' title='bbox 186 1454 347 1516; x_wconf 83' lang='lat' dir='ltr'><strong>visceribus</strong></span> <span class='ocrx_word' id='word_1_125' title='bbox 369 1453 436 1514; x_wconf 84' lang='lat' dir='ltr'><strong>nihii</strong></span> <span class='ocrx_word' id='word_1_126' title='bbox 459 1455 631 1515; x_wconf 83' lang='lat' dir='ltr'><strong>movendum</strong></span> <span class='ocrx_word' id='word_1_127' title='bbox 647 1465 705 1521; x_wconf 78' lang='lat' dir='ltr'><strong>est:</strong></span> <span class='ocrx_word' id='word_1_128' title='bbox 730 1457 802 1530; x_wconf 86' lang='lat' dir='ltr'><strong>nisi,</strong></span> <span class='ocrx_word' id='word_1_129' title='bbox 824 1465 854 1515; x_wconf 92' lang='lat' dir='ltr'><strong>ut</strong></span> <span class='ocrx_word' id='word_1_130' title='bbox 869 1459 891 1514; x_wconf 88' lang='lat' dir='ltr'><strong>si</strong></span> <span class='ocrx_word' id='word_1_131' title='bbox 908 1455 974 1533; x_wconf 90' lang='lat' dir='ltr'><strong>quid</strong></span> <span class='ocrx_word' id='word_1_132' title='bbox 989 1464 1037 1516; x_wconf 84' lang='lat' dir='ltr'><strong>aut</strong></span> 
     </span>
     <span class='ocr_line' id='line_1_16' title="bbox 10 1533 1036 1618; baseline 0 -20"><span class='ocrx_word' id='word_1_133' title='bbox 10 1557 82 1600; x_wconf 81' lang='lat' dir='ltr'><strong>sex</strong></span> <span class='ocrx_word' id='word_1_134' title='bbox 98 1540 250 1615; x_wconf 82' lang='lat' dir='ltr'><strong>jecinore,</strong></span> <span class='ocrx_word' id='word_1_135' title='bbox 273 1547 321 1598; x_wconf 83' lang='lat' dir='ltr'><strong>ant</strong></span> <span class='ocrx_word' id='word_1_136' title='bbox 340 1533 433 1611; x_wconf 82' lang='lat' dir='ltr'><strong>liene,</strong></span> <span class='ocrx_word' id='word_1_137' title='bbox 455 1547 503 1598; x_wconf 83' lang='lat' dir='ltr'><strong>aut</strong></span> <span class='ocrx_word' id='word_1_138' title='bbox 525 1539 660 1618; x_wconf 88' lang='lat' dir='ltr'><strong>pulmone</strong></span> <span class='ocrx_word' id='word_1_139' title='bbox 681 1539 826 1598; x_wconf 82' lang='lat' dir='ltr'><strong>dumtaxat</strong></span> <span class='ocrx_word' id='word_1_140' title='bbox 841 1549 971 1598; x_wconf 83' lang='lat' dir='ltr'><strong>extremo</strong></span> <span class='ocrx_word' id='word_1_141' title='bbox 987 1538 1036 1598; x_wconf 90' lang='lat' dir='ltr'><strong>de·</strong></span> 
     </span>
     <span class='ocr_line' id='line_1_17' title="bbox 39 1621 1037 1703; baseline 0 -21"><span class='ocrx_word' id='word_1_142' title='bbox 39 1623 169 1703; x_wconf 81' lang='lat' dir='ltr'><strong>pendet,</strong></span> <span class='ocrx_word' id='word_1_143' title='bbox 187 1621 378 1700; x_wconf 81' lang='lat' dir='ltr'><strong>praecidatur.</strong></span> <span class='ocrx_word' id='word_1_144' title='bbox 401 1622 537 1701; x_wconf 82' lang='lat' dir='ltr'><strong>Alioquin</strong></span> <span class='ocrx_word' id='word_1_145' title='bbox 555 1623 657 1684; x_wconf 83' lang='lat' dir='ltr'><strong>vulnus</strong></span> <span class='ocrx_word' id='word_1_146' title='bbox 673 1624 791 1682; x_wconf 87' lang='lat' dir='ltr'><strong>interius</strong></span> <span class='ocrx_word' id='word_1_147' title='bbox 803 1639 838 1680; x_wconf 89' lang='lat' dir='ltr'><strong>ea</strong></span> <span class='ocrx_word' id='word_1_148' title='bbox 851 1624 1037 1698; x_wconf 87' lang='lat' dir='ltr'><strong>victusratio,</strong></span> 
     </span>
     <span class='ocr_line' id='line_1_18' title="bbox 39 1705 1036 1786; baseline -0.002 -20"><span class='ocrx_word' id='word_1_149' title='bbox 39 1724 138 1784; x_wconf 88' lang='lat' dir='ltr'><strong>eaque</strong></span> <span class='ocrx_word' id='word_1_150' title='bbox 156 1705 363 1766; x_wconf 83' lang='lat' dir='ltr'><strong>medicamenta</strong></span> <span class='ocrx_word' id='word_1_151' title='bbox 377 1706 534 1784; x_wconf 83' lang='lat' dir='ltr'><strong>sanabant,</strong></span> <span class='ocrx_word' id='word_1_152' title='bbox 551 1725 625 1785; x_wconf 87' lang='lat' dir='ltr'><strong>quae</strong></span> <span class='ocrx_word' id='word_1_153' title='bbox 642 1708 745 1786; x_wconf 89' lang='lat' dir='ltr'><strong>cuique</strong></span> <span class='ocrx_word' id='word_1_154' title='bbox 759 1707 867 1766; x_wconf 87' lang='lat' dir='ltr'><strong>visceri</strong></span> <span class='ocrx_word' id='word_1_155' title='bbox 879 1707 1036 1766; x_wconf 78' lang='lat' dir='ltr'><strong>convenire</strong></span> 
     </span>
     <span class='ocr_line' id='line_1_19' title="bbox 40 1788 1007 1868; baseline 0 -19"><span class='ocrx_word' id='word_1_156' title='bbox 40 1792 199 1868; x_wconf 85' lang='lat' dir='ltr'><strong>superiore</strong></span> <span class='ocrx_word' id='word_1_157' title='bbox 216 1788 458 1868; x_wconf 88' lang='lat' dir='ltr'><strong>iibrcpropusui.</strong></span> <span class='ocrx_word' id='word_1_158' title='bbox 561 1793 562 1796; x_wconf 75' lang='grc'>’</span> <span class='ocrx_word' id='word_1_159' title='bbox 1003 1822 1007 1826; x_wconf 95' lang='grc'>-</span> 
     </span>
     <span class='ocr_line' id='line_1_20' title="bbox 70 1871 1036 1951; baseline -0.002 -19"><span class='ocrx_word' id='word_1_160' title='bbox 70 1891 75 1901; x_wconf 59' lang='grc'><em>“</em></span> <span class='ocrx_word' id='word_1_161' title='bbox 110 1872 163 1932; x_wconf 75' lang='grc'>25.·</span> <span class='ocrx_word' id='word_1_162' title='bbox 183 1871 236 1931; x_wconf 83' lang='grc' dir='ltr'><strong>Ηίε</strong></span> <span class='ocrx_word' id='word_1_163' title='bbox 249 1873 287 1932; x_wconf 85' lang='lat' dir='ltr'><strong>ita</strong></span> <span class='ocrx_word' id='word_1_164' title='bbox 303 1874 395 1951; x_wconf 83' lang='lat' dir='ltr'><strong>primo</strong></span> <span class='ocrx_word' id='word_1_165' title='bbox 411 1873 458 1934; x_wconf 88' lang='lat' dir='ltr'><strong>die</strong></span> <span class='ocrx_word' id='word_1_166' title='bbox 472 1873 610 1934; x_wconf 87' lang='lat' dir='ltr'><strong>ordinatis</strong></span> <span class='ocrx_word' id='word_1_167' title='bbox 620 1872 736 1948; x_wconf 59' lang='lat' dir='ltr'><strong>,sinemo</strong></span> <span class='ocrx_word' id='word_1_168' title='bbox 752 1874 780 1932; x_wconf 91' lang='lat' dir='ltr'><strong>in</strong></span> <span class='ocrx_word' id='word_1_169' title='bbox 796 1873 874 1934; x_wconf 91' lang='lat' dir='ltr'><strong>iectu</strong></span> <span class='ocrx_word' id='word_1_170' title='bbox 891 1871 1036 1932; x_wconf 84' lang='lat' dir='ltr'><strong>collocan-</strong></span> 
     </span>
     <span class='ocr_line' id='line_1_21' title="bbox 0 1956 1037 2034; baseline -0.003 -17"><span class='ocrx_word' id='word_1_171' title='bbox 0 1957 99 2017; x_wconf 80' lang='lat' dir='ltr'><strong>¹·dus</strong></span> <span class='ocrx_word' id='word_1_172' title='bbox 121 1965 180 2023; x_wconf 81' lang='lat' dir='ltr'><strong>est:</strong></span> <span class='ocrx_word' id='word_1_173' title='bbox 208 1957 308 2034; x_wconf 90' lang='lat' dir='ltr'><strong>isque,</strong></span> <span class='ocrx_word' id='word_1_174' title='bbox 336 1959 474 2034; x_wconf 76' lang='lat' dir='ltr'><strong>signove</strong></span> <span class='ocrx_word' id='word_1_175' title='bbox 496 1956 598 2018; x_wconf 83' lang='lat' dir='ltr'><strong>vuinus</strong></span> <span class='ocrx_word' id='word_1_176' title='bbox 621 1966 683 2034; x_wconf 88' lang='lat' dir='ltr'><strong>est,</strong></span> <span class='ocrx_word' id='word_1_177' title='bbox 714 1957 877 2032; x_wconf 85' lang='lat' dir='ltr'><strong>abstinere,</strong></span> <span class='ocrx_word' id='word_1_178' title='bbox 904 1965 1037 2034; x_wconf 84' lang='lat' dir='ltr'><strong>qnuotmu</strong></span> 
     </span>
     <span class='ocr_line' id='line_1_22' title="bbox 42 2038 1037 2118; baseline -0.003 -19"><span class='ocrx_word' id='word_1_179' title='bbox 42 2043 125 2100; x_wconf 79' lang='lat' dir='ltr'><strong>vires</strong></span> <span class='ocrx_word' id='word_1_180' title='bbox 142 2041 301 2118; x_wconf 85' lang='lat' dir='ltr'><strong>patiuntur,</strong></span> <span class='ocrx_word' id='word_1_181' title='bbox 322 2050 388 2100; x_wconf 82' lang='lat' dir='ltr'><strong>aute</strong></span> <span class='ocrx_word' id='word_1_182' title='bbox 412 2039 679 2114; x_wconf 78' lang='lat' dir='ltr'><strong>inflammationem,</strong></span> <span class='ocrx_word' id='word_1_183' title='bbox 701 2042 769 2100; x_wconf 86' lang='lat' dir='ltr'><strong>eiho</strong></span> <span class='ocrx_word' id='word_1_184' title='bbox 790 2039 899 2106; x_wconf 84' lang='lat' dir='ltr'><strong>dehet;</strong></span> <span class='ocrx_word' id='word_1_185' title='bbox 924 2038 1037 2113; x_wconf 88' lang='lat' dir='ltr'><strong>bibere,</strong></span> 
     </span>
     <span class='ocr_line' id='line_1_23' title="bbox 42 2122 1038 2201; baseline -0.004 -17"><span class='ocrx_word' id='word_1_186' title='bbox 42 2123 141 2184; x_wconf 85' lang='lat' dir='ltr'><strong>donee</strong></span> <span class='ocrx_word' id='word_1_187' title='bbox 163 2123 238 2182; x_wconf 86' lang='lat' dir='ltr'><strong>sitim</strong></span> <span class='ocrx_word' id='word_1_188' title='bbox 260 2123 353 2199; x_wconf 84' lang='lat' dir='ltr'><strong>iiniat,</strong></span> <span class='ocrx_word' id='word_1_189' title='bbox 380 2141 481 2201; x_wconf 87' lang='lat' dir='ltr'><strong>uquam</strong></span> <span class='ocrx_word' id='word_1_190' title='bbox 502 2123 639 2199; x_wconf 84' lang='lat' dir='ltr'><strong>calidam,</strong></span> <span class='ocrx_word' id='word_1_191' title='bbox 666 2122 730 2198; x_wconf 87' lang='lat' dir='ltr'><strong>vel,</strong></span> <span class='ocrx_word' id='word_1_192' title='bbox 756 2143 780 2182; x_wconf 85' lang='grc' dir='ltr'><strong>ει</strong></span> <span class='ocrx_word' id='word_1_193' title='bbox 802 2132 899 2183; x_wconf 85' lang='lat' dir='ltr'><strong>aeetae</strong></span> <span class='ocrx_word' id='word_1_194' title='bbox 917 2131 980 2196; x_wconf 88' lang='lat' dir='ltr'><strong>est,</strong></span> <span class='ocrx_word' id='word_1_195' title='bbox 1003 2138 1038 2181; x_wconf 87' lang='lat' dir='ltr'><strong>ae</strong></span> 
     </span>
     <span class='ocr_line' id='line_1_24' title="bbox 41 2204 1037 2286; baseline -0.006 -19"><span class='ocrx_word' id='word_1_196' title='bbox 41 2223 143 2283; x_wconf 81' lang='lat' dir='ltr'><strong>neque</strong></span> <span class='ocrx_word' id='word_1_197' title='bbox 159 2205 266 2282; x_wconf 76' lang='lat' dir='ltr'><strong>debris,</strong></span> <span class='ocrx_word' id='word_1_198' title='bbox 282 2223 378 2286; x_wconf 86' lang='lat' dir='ltr'><strong>nequa</strong></span> <span class='ocrx_word' id='word_1_199' title='bbox 396 2207 486 2267; x_wconf 87' lang='lat' dir='ltr'><strong>dolor</strong></span> <span class='ocrx_word' id='word_1_200' title='bbox 497 2216 556 2283; x_wconf 81' lang='lat' dir='ltr'><strong>est,</strong></span> <span class='ocrx_word' id='word_1_201' title='bbox 572 2208 657 2266; x_wconf 89' lang='lat' dir='ltr'><strong>etiam</strong></span> <span class='ocrx_word' id='word_1_202' title='bbox 671 2206 812 2282; x_wconf 75' lang='lat' dir='ltr'><strong>trigidum.</strong></span> <span class='ocrx_word' id='word_1_203' title='bbox 841 2204 926 2265; x_wconf 81' lang='lat' dir='ltr'><strong>Adeo</strong></span> <span class='ocrx_word' id='word_1_204' title='bbox 942 2213 1037 2262; x_wconf 86' lang='lat' dir='ltr'><strong>tamen</strong></span> 
     </span>
     <span class='ocr_line' id='line_1_25' title="bbox 43 2288 1037 2369; baseline -0.006 -19"><span class='ocrx_word' id='word_1_205' title='bbox 43 2288 117 2350; x_wconf 87' lang='lat' dir='ltr'><strong>nitril</strong></span> <span class='ocrx_word' id='word_1_206' title='bbox 141 2299 312 2368; x_wconf 87' lang='lat' dir='ltr'><strong>perpetuum</strong></span> <span class='ocrx_word' id='word_1_207' title='bbox 333 2299 394 2367; x_wconf 85' lang='lat' dir='ltr'><strong>est,</strong></span> <span class='ocrx_word' id='word_1_208' title='bbox 420 2290 471 2350; x_wconf 91' lang='lat' dir='ltr'><strong>sed</strong></span> <span class='ocrx_word' id='word_1_209' title='bbox 487 2307 605 2368; x_wconf 15' lang='lat' dir='ltr'><strong>asemper</strong></span> <span class='ocrx_word' id='word_1_210' title='bbox 620 2309 673 2369; x_wconf 85' lang='lat' dir='ltr'><strong>prc</strong></span> <span class='ocrx_word' id='word_1_211' title='bbox 689 2291 717 2349; x_wconf 85' lang='lat' dir='ltr'><strong>vi</strong></span> <span class='ocrx_word' id='word_1_212' title='bbox 735 2289 868 2366; x_wconf 88' lang='lat' dir='ltr'><strong>corporis</strong></span> <span class='ocrx_word' id='word_1_213' title='bbox 886 2288 1037 2346; x_wconf 77' lang='lat' dir='ltr'><strong>aestinata-</strong></span> 
     </span>
     <span class='ocr_line' id='line_1_26' title="bbox 8 2372 1036 2451; baseline -0.006 -17"><span class='ocrx_word' id='word_1_214' title='bbox 8 2374 127 2451; x_wconf 66' lang='lat' dir='ltr'><strong>udum,</strong></span> <span class='ocrx_word' id='word_1_215' title='bbox 152 2383 181 2432; x_wconf 87' lang='lat' dir='ltr'><strong>ut</strong></span> <span class='ocrx_word' id='word_1_216' title='bbox 204 2373 387 2434; x_wconf 68' lang='lat' dir='ltr'><strong>imbeciltes·</strong></span> <span class='ocrx_word' id='word_1_217' title='bbox 408 2375 492 2434; x_wconf 89' lang='lat' dir='ltr'><strong>etiam</strong></span> <span class='ocrx_word' id='word_1_218' title='bbox 517 2373 610 2433; x_wconf 80' lang='lat' dir='ltr'><strong>cibum</strong></span> <span class='ocrx_word' id='word_1_219' title='bbox 635 2374 765 2450; x_wconf 86' lang='lat' dir='ltr'><strong>protinus</strong></span> <span class='ocrx_word' id='word_1_220' title='bbox 786 2372 887 2444; x_wconf 81' lang='lat' dir='ltr'><strong>iacere</strong></span> <span class='ocrx_word' id='word_1_221' title='bbox 901 2386 1036 2430; x_wconf 79' lang='lat' dir='ltr'><strong>neceesa-</strong></span> 
     </span>
     <span class='ocr_line' id='line_1_27' title="bbox 44 2452 1037 2536; baseline -0.006 -18"><span class='ocrx_word' id='word_1_222' title='bbox 44 2459 120 2518; x_wconf 85' lang='lat' dir='ltr'><strong>riam</strong></span> <span class='ocrx_word' id='word_1_223' title='bbox 135 2459 245 2536; x_wconf 86' lang='lat' dir='ltr'><strong>possit;</strong></span> <span class='ocrx_word' id='word_1_224' title='bbox 269 2466 382 2518; x_wconf 84' lang='lat' dir='ltr'><strong>tenuem</strong></span> <span class='ocrx_word' id='word_1_225' title='bbox 398 2459 526 2534; x_wconf 89' lang='lat' dir='ltr'><strong>scilieet,</strong></span> <span class='ocrx_word' id='word_1_226' title='bbox 549 2467 578 2516; x_wconf 94' lang='lat' dir='ltr'><strong>et</strong></span> <span class='ocrx_word' id='word_1_227' title='bbox 592 2460 744 2534; x_wconf 76' lang='lat' dir='ltr'><strong>exiguum,</strong></span> <span class='ocrx_word' id='word_1_228' title='bbox 770 2457 818 2534; x_wconf 89' lang='lat' dir='ltr'><strong>qui</strong></span> <span class='ocrx_word' id='word_1_229' title='bbox 831 2463 938 2514; x_wconf 85' lang='lat' dir='ltr'><strong>tantam</strong></span> <span class='ocrx_word' id='word_1_230' title='bbox 954 2452 1037 2512; x_wconf 82' lang='lat' dir='ltr'><strong>susti·</strong></span> 
     </span>
     <span class='ocr_line' id='line_1_28' title="bbox 46 2537 1038 2620; baseline -0.006 -20"><span class='ocrx_word' id='word_1_231' title='bbox 46 2550 124 2601; x_wconf 89' lang='lat' dir='ltr'><strong>neat.</strong></span> <span class='ocrx_word' id='word_1_232' title='bbox 160 2539 298 2620; x_wconf 83' lang='lat' dir='ltr'><strong>ttattiqne</strong></span> <span class='ocrx_word' id='word_1_233' title='bbox 320 2543 405 2602; x_wconf 88' lang='lat' dir='ltr'><strong>etium</strong></span> <span class='ocrx_word' id='word_1_234' title='bbox 425 2559 462 2600; x_wconf 83' lang='lat' dir='ltr'><strong>eu</strong></span> <span class='ocrx_word' id='word_1_235' title='bbox 484 2541 627 2620; x_wconf 78' lang='lat' dir='ltr'><strong>profluvio</strong></span> <span class='ocrx_word' id='word_1_236' title='bbox 644 2540 791 2618; x_wconf 78' lang='lat' dir='ltr'><strong>sanguinis</strong></span> <span class='ocrx_word' id='word_1_237' title='bbox 806 2537 1038 2599; x_wconf 80' lang='lat' dir='ltr'><strong>intermorientes</strong></span> 
     </span>
     <span class='ocr_line' id='line_1_29' title="bbox 46 2620 1039 2703; baseline -0.007 -18"><span class='ocrx_word' id='word_1_238' title='bbox 46 2634 115 2685; x_wconf 85' lang='lat' dir='ltr'><strong>aute</strong></span> <span class='ocrx_word' id='word_1_239' title='bbox 139 2623 225 2684; x_wconf 89' lang='lat' dir='ltr'><strong>ullam</strong></span> <span class='ocrx_word' id='word_1_240' title='bbox 251 2627 428 2687; x_wconf 85' lang='lat' dir='ltr'><strong>curationem</strong></span> <span class='ocrx_word' id='word_1_241' title='bbox 457 2627 524 2686; x_wconf 90' lang='lat' dir='ltr'><strong>vinc</strong></span> <span class='ocrx_word' id='word_1_242' title='bbox 547 2623 696 2685; x_wconf 82' lang='lat' dir='ltr'><strong>reiciendi</strong></span> <span class='ocrx_word' id='word_1_243' title='bbox 718 2632 798 2683; x_wconf 87' lang='lat' dir='ltr'><strong>suut:</strong></span> <span class='ocrx_word' id='word_1_244' title='bbox 831 2622 907 2703; x_wconf 91' lang='lat' dir='ltr'><strong>quod</strong></span> <span class='ocrx_word' id='word_1_245' title='bbox 931 2620 1039 2698; x_wconf 83' lang='lat' dir='ltr'><strong>alioqui</strong></span> 
     </span>
     <span class='ocr_line' id='line_1_30' title="bbox 46 2708 1063 2769; baseline 0.003 -2"><span class='ocrx_word' id='word_1_246' title='bbox 46 2708 270 2768; x_wconf 87' lang='lat' dir='ltr'><strong>inimicissimum</strong></span> <span class='ocrx_word' id='word_1_247' title='bbox 286 2709 398 2768; x_wconf 83' lang='lat' dir='ltr'><strong>vulneri</strong></span> <span class='ocrx_word' id='word_1_248' title='bbox 413 2718 467 2769; x_wconf 87' lang='lat' dir='ltr'><strong>est.</strong></span> <span class='ocrx_word' id='word_1_249' title='bbox 819 2751 821 2756; x_wconf 89' lang='lat'>-</span> <span class='ocrx_word' id='word_1_250' title='bbox 1060 2723 1063 2728; x_wconf 83' lang='lat'>&#39;</span> 
     </span>
     <span class='ocr_line' id='line_1_31' title="bbox 1 2785 1039 2869; baseline -0.004 -21"><span class='ocrx_word' id='word_1_251' title='bbox 1 2805 39 2848; x_wconf 56' lang='lat' dir='ltr'><strong>usu</strong></span> <span class='ocrx_word' id='word_1_252' title='bbox 111 2790 161 2852; x_wconf 66' lang='grc'><strong>26.</strong></span> <span class='ocrx_word' id='word_1_253' title='bbox 185 2790 277 2851; x_wconf 84' lang='lat' dir='ltr'><strong>Nimis</strong></span> <span class='ocrx_word' id='word_1_254' title='bbox 295 2809 367 2852; x_wconf 82' lang='lat' dir='ltr'><strong>vero</strong></span> <span class='ocrx_word' id='word_1_255' title='bbox 383 2793 575 2853; x_wconf 78' lang='lat' dir='ltr'><strong>intumescere</strong></span> <span class='ocrx_word' id='word_1_256' title='bbox 592 2792 710 2869; x_wconf 80' lang='lat' dir='ltr'><strong>vulnus,</strong></span> <span class='ocrx_word' id='word_1_257' title='bbox 735 2789 946 2869; x_wconf 74' lang='lat' dir='ltr'><strong>periculosum:</strong></span> <span class='ocrx_word' id='word_1_258' title='bbox 970 2785 1039 2848; x_wconf 83' lang='lat' dir='ltr'><strong>nihii</strong></span> 
     </span>
    </p>
   </div>
   <div class='ocr_carea' id='block_1_5' title="bbox 47 2867 1116 2953">
    <p class='ocr_par' dir='ltr' id='par_1_5' title="bbox 47 2859 1190 2953">
     <span class='ocr_line' id='line_1_32' title="bbox 47 2867 1116 2953; baseline -0.005 -19"><span class='ocrx_word' id='word_1_259' title='bbox 47 2877 256 2950; x_wconf 79' lang='lat' dir='ltr'><strong>intumescere,</strong></span> <span class='ocrx_word' id='word_1_260' title='bbox 281 2875 554 2953; x_wconf 79' lang='lat' dir='ltr'><strong>periculosissimum</strong></span> <span class='ocrx_word' id='word_1_261' title='bbox 576 2885 620 2934; x_wconf 89' lang='lat' dir='ltr'><strong>est</strong></span> <span class='ocrx_word' id='word_1_262' title='bbox 641 2876 695 2953; x_wconf 83' lang='lat' dir='ltr'><strong>(cf.</strong></span> <span class='ocrx_word' id='word_1_263' title='bbox 714 2873 792 2952; x_wconf 77' lang='lat' dir='ltr'><strong>Aple.</strong></span> <span class='ocrx_word' id='word_1_264' title='bbox 807 2875 850 2948; x_wconf 83' lang='lat' dir='ltr'><strong>V,</strong></span> <span class='ocrx_word' id='word_1_265' title='bbox 873 2873 946 2947; x_wconf 85' lang='grc'>66);</span> <span class='ocrx_word' id='word_1_266' title='bbox 970 2867 1040 2928; x_wconf 86' lang='lat' dir='ltr'><strong>iliud</strong></span> <span class='ocrx_word' id='word_1_267' title='bbox 1104 2891 1116 2896; x_wconf 83' lang='grc'><em>·</em></span> 
     </span>
    </p>
   </div>
   <div class='ocr_carea' id='block_1_6' title="bbox 47 2950 1038 3120">
    <p class='ocr_par' dir='ltr' id='par_1_6' title="bbox 47 2950 1038 3120">
     <span class='ocr_line' id='line_1_33' title="bbox 47 2950 1038 3036; baseline -0.01 -20"><span class='ocrx_word' id='word_1_268' title='bbox 47 2957 181 3017; x_wconf 82' lang='lat' dir='ltr'><strong>indiciam</strong></span> <span class='ocrx_word' id='word_1_269' title='bbox 206 2967 250 3018; x_wconf 89' lang='lat' dir='ltr'><strong>est</strong></span> <span class='ocrx_word' id='word_1_270' title='bbox 270 2975 395 3036; x_wconf 71' lang='lat' dir='ltr'><strong>maguae</strong></span> <span class='ocrx_word' id='word_1_271' title='bbox 413 2959 653 3026; x_wconf 68' lang='lat' dir='ltr'><strong>inflammationim</strong></span> <span class='ocrx_word' id='word_1_272' title='bbox 673 2959 730 3017; x_wconf 86' lang='lat' dir='ltr'><strong>hoc</strong></span> <span class='ocrx_word' id='word_1_273' title='bbox 750 2956 870 3016; x_wconf 88' lang='lat' dir='ltr'><strong>emortui</strong></span> <span class='ocrx_word' id='word_1_274' title='bbox 893 2950 1038 3030; x_wconf 85' lang='lat' dir='ltr'><strong>eorporis.</strong></span> 
     </span>
     <span class='ocr_line' id='line_1_34' title="bbox 48 3037 1038 3120; baseline -0.009 -17"><span class='ocrx_word' id='word_1_275' title='bbox 48 3041 256 3120; x_wconf 83' lang='lat' dir='ltr'><strong>Protinusque,</strong></span> <span class='ocrx_word' id='word_1_276' title='bbox 276 3045 300 3102; x_wconf 89' lang='grc' dir='ltr'><strong>εἰ</strong></span> <span class='ocrx_word' id='word_1_277' title='bbox 316 3061 396 3102; x_wconf 89' lang='lat' dir='ltr'><strong>mens</strong></span> <span class='ocrx_word' id='word_1_278' title='bbox 412 3043 518 3104; x_wconf 88' lang='lat' dir='ltr'><strong>homini</strong></span> <span class='ocrx_word' id='word_1_279' title='bbox 534 3044 682 3116; x_wconf 88' lang='lat' dir='ltr'><strong>consistit,</strong></span> <span class='ocrx_word' id='word_1_280' title='bbox 700 3043 724 3100; x_wconf 88' lang='lat' dir='ltr'><strong>si</strong></span> <span class='ocrx_word' id='word_1_281' title='bbox 739 3039 815 3098; x_wconf 86' lang='lat' dir='ltr'><strong>nulia</strong></span> <span class='ocrx_word' id='word_1_282' title='bbox 832 3037 923 3096; x_wconf 85' lang='lat' dir='ltr'><strong>febris</strong></span> <span class='ocrx_word' id='word_1_283' title='bbox 938 3051 1038 3096; x_wconf 84' lang='lat' dir='ltr'><strong>auces-</strong></span> 
     </span>
    </p>
   </div>
   <div class='ocr_carea' id='block_1_7' title="bbox 50 3118 1138 3201">
    <p class='ocr_par' dir='ltr' id='par_1_7' title="bbox 50 3118 1138 3201">
     <span class='ocr_line' id='line_1_35' title="bbox 50 3118 1138 3201; baseline -0.008 -16"><span class='ocrx_word' id='word_1_284' title='bbox 50 3126 100 3201; x_wconf 88' lang='lat' dir='ltr'><strong>sit,</strong></span> <span class='ocrx_word' id='word_1_285' title='bbox 121 3125 198 3184; x_wconf 83' lang='lat' dir='ltr'><strong>scire</strong></span> <span class='ocrx_word' id='word_1_286' title='bbox 212 3125 281 3186; x_wconf 81' lang='lat' dir='ltr'><strong>iicet</strong></span> <span class='ocrx_word' id='word_1_287' title='bbox 295 3136 403 3186; x_wconf 85' lang='lat' dir='ltr'><strong>mature</strong></span> <span class='ocrx_word' id='word_1_288' title='bbox 420 3125 522 3185; x_wconf 82' lang='lat' dir='ltr'><strong>uulnus</strong></span> <span class='ocrx_word' id='word_1_289' title='bbox 537 3144 635 3186; x_wconf 79' lang='lat' dir='ltr'><strong>santum</strong></span> <span class='ocrx_word' id='word_1_290' title='bbox 650 3125 724 3185; x_wconf 87' lang='lat' dir='ltr'><strong>iore.</strong></span> <span class='ocrx_word' id='word_1_291' title='bbox 762 3121 807 3180; x_wconf 78' lang='lat' dir='ltr'><strong>Ac</strong></span> <span class='ocrx_word' id='word_1_292' title='bbox 821 3139 858 3180; x_wconf 89' lang='lat' dir='ltr'><strong>ne</strong></span> <span class='ocrx_word' id='word_1_293' title='bbox 873 3119 964 3180; x_wconf 78' lang='lat' dir='ltr'><strong>febris</strong></span> <span class='ocrx_word' id='word_1_294' title='bbox 978 3118 1038 3198; x_wconf 87' lang='lat' dir='ltr'><strong>qai·</strong></span> <span class='ocrx_word' id='word_1_295' title='bbox 1134 3159 1138 3166; x_wconf 81' lang='lat'>·</span> 
     </span>
    </p>
   </div>
   <div class='ocr_carea' id='block_1_8' title="bbox 14 3203 1040 3534">
    <p class='ocr_par' dir='ltr' id='par_1_8' title="bbox 14 3203 1040 3534">
     <span class='ocr_line' id='line_1_36' title="bbox 14 3203 1037 3286; baseline -0.007 -19"><span class='ocrx_word' id='word_1_296' title='bbox 14 3208 116 3269; x_wconf 73' lang='lat' dir='ltr'><strong>oden</strong></span> <span class='ocrx_word' id='word_1_297' title='bbox 138 3217 252 3269; x_wconf 88' lang='lat' dir='ltr'><strong>terrere</strong></span> <span class='ocrx_word' id='word_1_298' title='bbox 274 3209 374 3282; x_wconf 85' lang='lat' dir='ltr'><strong>debet,</strong></span> <span class='ocrx_word' id='word_1_299' title='bbox 398 3211 421 3268; x_wconf 90' lang='lat' dir='ltr'><strong>si</strong></span> <span class='ocrx_word' id='word_1_300' title='bbox 445 3211 473 3268; x_wconf 88' lang='lat' dir='ltr'><strong>in</strong></span> <span class='ocrx_word' id='word_1_301' title='bbox 495 3227 599 3286; x_wconf 75' lang='lat' dir='ltr'><strong>magno</strong></span> <span class='ocrx_word' id='word_1_302' title='bbox 619 3209 753 3280; x_wconf 83' lang='lat' dir='ltr'><strong>vulnere,</strong></span> <span class='ocrx_word' id='word_1_303' title='bbox 776 3205 842 3264; x_wconf 88' lang='lat' dir='ltr'><strong>dnm</strong></span> <span class='ocrx_word' id='word_1_304' title='bbox 856 3203 1037 3264; x_wconf 82' lang='lat' dir='ltr'><strong>inflammatio</strong></span> 
     </span>
     <span class='ocr_line' id='line_1_37' title="bbox 51 3285 1039 3376; baseline -0.011 -24"><span class='ocrx_word' id='word_1_305' title='bbox 51 3301 110 3368; x_wconf 88' lang='lat' dir='ltr'><strong>est,</strong></span> <span class='ocrx_word' id='word_1_306' title='bbox 137 3302 294 3376; x_wconf 88' lang='lat' dir='ltr'><strong>permanet.</strong></span> <span class='ocrx_word' id='word_1_307' title='bbox 338 3293 390 3353; x_wconf 84' lang='lat' dir='ltr'><strong>itta</strong></span> <span class='ocrx_word' id='word_1_308' title='bbox 413 3294 576 3370; x_wconf 86' lang='lat' dir='ltr'><strong>perniciosa</strong></span> <span class='ocrx_word' id='word_1_309' title='bbox 598 3301 656 3366; x_wconf 87' lang='lat' dir='ltr'><strong>est,</strong></span> <span class='ocrx_word' id='word_1_310' title='bbox 684 3308 757 3368; x_wconf 92' lang='lat' dir='ltr'><strong>quae</strong></span> <span class='ocrx_word' id='word_1_311' title='bbox 780 3288 906 3348; x_wconf 85' lang='lat' dir='ltr'><strong>velleri</strong></span> <span class='ocrx_word' id='word_1_312' title='bbox 928 3285 1039 3348; x_wconf 83' lang='lat' dir='ltr'><strong>vulneri</strong></span> 
     </span>
     <span class='ocr_line' id='line_1_38' title="bbox 51 3367 1037 3455; baseline -0.01 -21"><span class='ocrx_word' id='word_1_313' title='bbox 51 3379 235 3455; x_wconf 68' lang='lat' dir='ltr'><strong>supercurrit,</strong></span> <span class='ocrx_word' id='word_1_314' title='bbox 259 3377 306 3436; x_wconf 86' lang='lat' dir='ltr'><strong>vel</strong></span> <span class='ocrx_word' id='word_1_315' title='bbox 324 3377 397 3436; x_wconf 86' lang='lat' dir='ltr'><strong>uitra</strong></span> <span class='ocrx_word' id='word_1_316' title='bbox 419 3386 533 3453; x_wconf 85' lang='lat' dir='ltr'><strong>tempus</strong></span> <span class='ocrx_word' id='word_1_317' title='bbox 548 3375 775 3434; x_wconf 83' lang='lat' dir='ltr'><strong>inflammationis</strong></span> <span class='ocrx_word' id='word_1_318' title='bbox 790 3373 886 3447; x_wconf 86' lang='lat' dir='ltr'><strong>durat,</strong></span> <span class='ocrx_word' id='word_1_319' title='bbox 907 3371 954 3430; x_wconf 89' lang='lat' dir='ltr'><strong>vel</strong></span> <span class='ocrx_word' id='word_1_320' title='bbox 968 3367 1037 3427; x_wconf 84' lang='lat' dir='ltr'><strong>deii·</strong></span> 
     </span>
     <span class='ocr_line' id='line_1_39' title="bbox 51 3457 1040 3534; baseline -0.009 -16"><span class='ocrx_word' id='word_1_321' title='bbox 51 3459 122 3518; x_wconf 87' lang='lat' dir='ltr'><strong>rium</strong></span> <span class='ocrx_word' id='word_1_322' title='bbox 143 3469 255 3520; x_wconf 81' lang='lat' dir='ltr'><strong>movet:</strong></span> <span class='ocrx_word' id='word_1_323' title='bbox 278 3461 325 3520; x_wconf 83' lang='lat' dir='ltr'><strong>vei</strong></span> <span class='ocrx_word' id='word_1_324' title='bbox 348 3462 371 3519; x_wconf 90' lang='lat' dir='ltr'><strong>si</strong></span> <span class='ocrx_word' id='word_1_325' title='bbox 387 3477 540 3522; x_wconf 86' lang='lat' dir='ltr'><strong>nervorum</strong></span> <span class='ocrx_word' id='word_1_326' title='bbox 558 3460 653 3534; x_wconf 83' lang='lat' dir='ltr'><strong>rigor,</strong></span> <span class='ocrx_word' id='word_1_327' title='bbox 677 3467 724 3520; x_wconf 90' lang='lat' dir='ltr'><strong>aut</strong></span> <span class='ocrx_word' id='word_1_328' title='bbox 739 3457 890 3529; x_wconf 87' lang='lat' dir='ltr'><strong>distentio,</strong></span> <span class='ocrx_word' id='word_1_329' title='bbox 915 3467 988 3532; x_wconf 89' lang='lat' dir='ltr'><strong>quae</strong></span> <span class='ocrx_word' id='word_1_330' title='bbox 1002 3465 1040 3510; x_wconf 82' lang='lat' dir='ltr'><strong>ex</strong></span> 
     </span>
    </p>
   </div>
   <div class='ocr_carea' id='block_1_9' title="bbox 94 3539 876 3631">
    <p class='ocr_par' dir='ltr' id='par_1_9' title="bbox 94 3539 876 3631">
     <span class='ocr_line' id='line_1_40' title="bbox 94 3539 876 3631; baseline -0.001 -30"><span class='ocrx_word' id='word_1_331' title='bbox 94 3561 198 3605; x_wconf 78' lang='grc' dir='ltr'><strong>εειεεε.</strong></span> <span class='ocrx_word' id='word_1_332' title='bbox 797 3539 834 3600; x_wconf 86' lang='grc'><strong>13</strong></span> <span class='ocrx_word' id='word_1_333' title='bbox 868 3620 876 3631; x_wconf 16' lang='grc' dir='ltr'>ἱ</span> 
     </span>
    </p>
   </div>
   <div class='ocr_carea' id='block_1_10' title="bbox 0 0 1205 3896">
    <p class='ocr_par' dir='ltr' id='par_1_10' title="bbox 0 0 1205 3896">
     <span class='ocr_line' id='line_1_41' title="bbox 0 0 1205 3896; baseline 0 0"><span class='ocrx_word' id='word_1_334' title='bbox 0 0 1205 3896; x_wconf 95' lang='lat' dir='ltr'><strong> </strong></span> 
     </span>
    </p>
   </div>
  </div>
 </body>
</html>
