2444 3904
373 573 385 602 θ

334 728 377 799 Α.
394 724 637 800 CORNELII
650 725 798 801 OELSI

134 896 402 976 ARTIUM
432 896 636 976 LIBER
667 895 996 977 SEPTIMUS

523 1067 601 1107 IDEM

300 1195 555 1262 MEDICINAE
589 1194 834 1260 SECUNDUS.

489 1362 636 1371 ——Q

430 1449 694 1543 PROOEMIUM.

133 1599 172 1648 De
189 1598 271 1662 signis
288 1597 409 1647 adversae
424 1598 587 1658 valetudinis,
604 1606 628 1646 et
645 1598 676 1646 de
692 1597 865 1647 communibus
877 1599 987 1648 auxiliis.

128 1714 264 1775 Instantis
280 1722 374 1774 autem
389 1715 530 1774 adversae
542 1715 712 1776 valetudinis
723 1717 805 1794 signa
821 1716 969 1795 complura
982 1726 1057 1776 sunt.

60 1799 94 1860 ln
118 1799 224 1877 quibus
251 1799 428 1876 explicandis
451 1815 507 1858 non
529 1799 665 1860 dubitabo
685 1801 854 1860 auctoritate
878 1803 1057 1878 antiquorum

36 1887 193 1946 avirorum
209 1882 265 1957 uti,
282 1883 462 1961 maximeque
481 1883 679 1962 Hippocratis;
701 1901 786 1961 quum
802 1886 983 1944 recentiores
998 1902 1056 1944 me-

63 1969 139 2043 dici,
159 1967 290 2045 quamvis
307 1967 445 2044 quaedam
461 1967 490 2025 in
506 1967 699 2027 curationibus
713 1969 860 2042 mutarint,
875 1976 969 2026 tamen
985 1967 1058 2028 haee

61 2052 145 2112 illum
158 2051 266 2128 optime
279 2051 464 2127 praesagisse
480 2050 629 2111 fateantur.
661 2051 719 2111 Sed
731 2061 882 2129 antequam
898 2052 980 2125 dieo,
997 2055 1056 2128 qui-

62 2135 118 2194 bus
144 2133 390 2212 praecedentibus
417 2133 582 2192 morborum
607 2135 693 2193 timor
716 2134 824 2208 subsit,
851 2151 908 2193 non
935 2135 1058 2194 alienum

62 2219 179 2280 videtur
200 2233 367 2294 exponere,
397 2234 471 2295 qnae
493 2225 624 2295 tempora
650 2219 731 2292 anui,
758 2235 831 2295 quae
857 2227 1058 2295 tempestatum

30 2324 57 2364 ro
67 2319 196 2378 genera,
222 2319 296 2378 quae
317 2309 415 2378 partes
435 2301 554 2376 aetatiS,
581 2299 674 2379 qualia
696 2317 820 2378 corpora
843 2302 965 2360 maxime
987 2309 1056 2375 tuta,

68 2385 119 2444 vel
133 2385 269 2461 periculis
292 2393 452 2462 opportuna
468 2386 540 2458 sint,
565 2384 642 2462 qnod
657 2401 749 2459 genus
763 2382 903 2444 adversae
918 2383 1057 2444 valetudi-

68 2470 113 2528 nis
133 2470 160 2526 in
180 2486 298 2547 quoque
321 2469 555 2532 timerlmaxime
575 2468 678 2547 possit.
722 2466 786 2526 Non
811 2469 888 2546 quod
907 2484 965 2526 non
983 2470 1058 2526 omni

64 2562 216 2630 tempore,
232 2553 351 2611 inomni
369 2561 569 2630 tempestatum
584 2569 711 2628 genere,
728 2553 818 2610 omnis
830 2553 950 2627 aetatis,
967 2553 1059 2611 omnis

62 2636 178 2696 babitus
194 2637 343 2710 homines,
364 2653 418 2713 per
438 2637 530 2696 omnia
550 2653 659 2713 genera
680 2634 844 2696 morborum
864 2644 893 2694 et
907 2645 1058 2713 aegrotent

29 2736 52 2776 rc
63 2730 94 2779 et
108 2721 283 2780 moriantur:
307 2719 360 2778 sed
376 2719 453 2796 quod
469 2719 646 2797 frequentius
661 2730 754 2779 tamen
770 2719 909 2797 quaedam
927 2720 1058 2779 eveniant

62 2804 119 2881 (cl.
143 2801 225 2881 Apo.
248 2801 303 2878 111,
328 2803 398 2880 19);
420 2803 546 2882 ideoque
567 2804 637 2863 utile
661 2805 696 2863 sit
716 2805 793 2864 scire
817 2821 1057 2882 unumquemque,

61 2889 150 2965 quid,
167 2897 197 2946 et
211 2886 323 2965 qnando
338 2885 460 2945 maxime
477 2897 588 2948 caveat.

444 3104 625 3166 CAPUT
654 3107 680 3167 Ι.

63 3224 135 3283 Quae
153 3225 214 3272 anni
230 3233 358 3289 tempora,
377 3236 442 3286 quae
459 3231 635 3288 tempestatum
653 3241 760 3291 genera,
778 3241 842 3290 quae
863 3232 947 3291 partes
961 3227 1057 3286 aetatis,

29 3302 53 3342 20
107 3293 194 3356 qualia
211 3307 316 3358 corpora
333 3291 372 3340 vel
390 3299 444 3340 tnta
461 3293 501 3341 vel
518 3294 612 3342 morbis
630 3303 654 3344 et
672 3294 786 3358 qualibus
805 3303 945 3361 opportuna
963 3295 1022 3346 sint.

128 3409 222 3486 lgitur
246 3408 462 3470 saluberrimum
485 3428 539 3469 ver
565 3420 623 3480 est;
651 3413 782 3490 proxime
809 3412 913 3478 deinde
940 3411 976 3470 ab
1002 3410 1059 3468 hoe

64 3493 172 3561 hiems;
189 3493 385 3571 periculosior
401 3502 511 3563 aestas;
528 3502 675 3555 autumnus
687 3495 774 3573 longe
786 3495 1058 3575 periculosissimus.
