2372 3892
160 197 221 260 252
278 251 280 256 .
448 209 479 258 c.
496 210 530 259 ε.
545 205 854 258 consummamur

504 361 688 425 CAPUT
723 363 811 423 XV.¹

545 479 581 528 Dc
600 492 690 528 cancro
709 477 768 526 oris.

222 615 253 676 Si
279 611 392 693 pando
418 623 513 675 autem
540 614 640 675 ulcera
666 615 727 674 oris
751 631 856 674 cancer
877 612 1008 687 invasit,
1042 612 1154 692 primun

158 698 397 761 considerandum
417 707 479 777 εει,
499 717 564 759 num
584 699 676 760 malus
698 699 831 777 corporis
852 697 970 758 babitus
994 697 1053 774 sit,
1082 699 1153 774 eique

159 782 382 852 occurrendum
398 779 502 843 deinde
518 785 581 864 ipsa
596 783 694 843 ulcera
712 782 847 842 curanda.
869 781 998 856 Quodsi
1011 781 1044 839 in
1058 794 1164 839 summa

160 877 242 948 parte
258 866 286 927 ld
299 867 395 926 vitium
407 876 462 944 εει,
474 869 544 928 satis
558 868 671 947 proiicit
680 855 824 946 ἀνθηρά,
840 865 959 924 humido
972 864 1077 924 rrlceri
1090 861 1153 923 arida

161 952 309 1030 inspersa;
332 953 462 1028 sicciori,
485 968 547 1011 curn
569 952 675 1028 exigua
696 960 780 1028 parte
800 949 895 1009 mellis
914 948 1012 1008 illita:
1037 949 1066 1006 si
1081 946 1153 1026 paab

159 1035 260 1110 altius,
288 1034 405 1094 cbartae
426 1034 593 1094 combustae
615 1043 713 1114 partes
739 1033 828 1110 duae,
857 1033 1076 1110 auripigmenti
1100 1047 1152 1110 pan

158 1135 228 1178 una:
250 1120 275 1176 si
300 1119 414 1197 penitus
426 1119 531 1179 mulum
545 1117 711 1194 descendit,
734 1117 852 1177 chartae
870 1115 1052 1176 combustae
1069 1122 1153 1194 parter

157 1210 237 1275 tres,
269 1202 470 1277 auripigmenti
490 1219 558 1278 pars
581 1211 695 1278 quarta3
728 1211 775 1258 aut
796 1217 883 1276 pares
905 1200 1073 1276 portiones
1099 1197 1170 1256 salbo

93 1340 95 1344 ,
158 1283 250 1360 fricti,
271 1291 301 1342 ει
320 1283 401 1342 iridis'
422 1282 539 1353 irictae;
563 1293 611 1343 aut
626 1283 693 1342 item
707 1299 794 1361 pares
811 1283 965 1360 portiones
981 1280 1152 1354 chalcitidis,

161 1365 265 1442 calcis,
288 1367 499 1445 auripigmenti.
539 1364 742 1428 Necessarium
757 1374 852 1426 autem
868 1374 913 1425 εει
927 1363 1154 1424 linamentumiu

157 1465 228 1511 rosa
243 1452 372 1527 tingere,
398 1459 428 1510 ει
442 1469 531 1530 super
546 1451 693 1511 adurentia
707 1449 914 1511 medicamenta
929 1450 1110 1527 imponere;
1125 1463 1152 1506 ue

159 1534 282 1594 vicinum
298 1543 326 1593 ει
341 1551 440 1594 sanum
456 1534 550 1594 locum
568 1534 691 1594 laedant.
713 1533 833 1609 Quidam
849 1535 933 1593 etiarn
949 1532 979 1591 iu
990 1529 1152 1592 acrisacet'

160 1617 300 1679 heminam
315 1618 430 1678 frictum
445 1617 535 1678 salem
553 1619 724 1694 conjiciunt,
746 1617 840 1677 donec
854 1617 1015 1677 tabescere
1034 1617 1169 1684 desinaus

158 1700 262 1762 deinde
280 1699 307 1759 id
322 1710 434 1761 acetum
449 1711 590 1780 coquunt,
608 1703 702 1762 donec
716 1703 895 1769 exsiccetur3
922 1717 1056 1778 eumque
1075 1699 1151 1760 salem

158 1785 310 1843 contritum
326 1785 505 1864 inspergunt.
529 1786 650 1860 Quoties
662 1795 756 1846 autem
769 1785 1009 1854 medicamentum
1025 1785 1151 1860 injicitur,

158 1876 187 1926 ει
206 1876 271 1926 εειε
295 1875 324 1926 ει
340 1878 406 1946 post
422 1885 455 1928 os
471 1869 622 1930 eluendum
640 1877 684 1929 est
700 1870 747 1929 vel
765 1885 896 1928 cremore
909 1867 1093 1946 lenticulae,
1114 1864 1151 1924 uel
1183 1909 1184 1942 ,

158 1967 248 2029 aqua,
271 1951 299 2009 in
321 1969 377 2030 qua
393 1961 440 2012 εει
455 1969 571 2030 ervum,
594 1963 642 2013 aut
658 1953 758 2028 oleae,
784 1962 830 2012 aut
845 1950 993 2011 verbenae
1010 1950 1151 2010 decoctae
1183 1945 1184 2022 J

157 2036 229 2112 sint,
246 2035 302 2112 sic,
319 2045 348 2095 ει
364 2034 482 2096 cuilibet
499 2054 598 2096 eornm
611 2036 724 2116 paulum
735 2036 830 2096 mellis
842 2037 1006 2095 misceatur.
1033 2034 1170 2094 Acetunu

158 2135 273 2199 quoque
295 2137 332 2179 ex
351 2119 434 2180 scilla
456 2129 597 2180 retentum
620 2137 672 2181 ore
696 2122 766 2180 satis
790 2119 930 2181 adversus
955 2118 1036 2180 baec
1063 2119 1151 2181 ulcera

157 2205 284 2282 prolicit:
308 2210 338 2262 et
361 2219 399 2260 ex
418 2211 503 2263 aceto
524 2211 610 2264 cocto
648 2204 717 2282 sali,
738 2205 812 2265 sicut
826 2223 912 2284 supra
928 2204 1151 2265 demonstratum

155 2283 212 2364 εει,
229 2305 328 2348 mrsus
342 2289 459 2348 mixtum
473 2295 593 2348 acetum.
628 2288 687 2349 Sed
703 2297 733 2348 et
747 2289 794 2348 diu
810 2291 959 2349 continere
975 2288 1150 2359 utrumlibet
1183 2283 1184 2344 3

157 2381 188 2432 et
205 2370 233 2430 id
255 2370 299 2444 bis
322 2379 369 2429 aut
393 2380 438 2431 ter
458 2370 505 2431 die
526 2371 641 2449 iacere,
676 2382 761 2452 prout
784 2373 940 2432 vehemens
965 2372 1081 2432 malurn
1107 2379 1148 2444 est,
1183 2403 1184 2458 p

156 2454 351 2514 necessarium
365 2464 420 2515 εει.
452 2454 537 2529 Quod
555 2456 579 2514 si
594 2475 666 2535 puer
682 2466 741 2533 est,
760 2458 808 2516 cui
824 2457 851 2516 id
867 2455 979 2533 incidit,
996 2455 1168 2534 specillunn

156 2536 219 2595 lana
241 2536 398 2596 involutum
414 2538 442 2596 in
458 2538 694 2599 medicamentum
710 2539 912 2601 demittendum
929 2547 990 2618 est,
1016 2549 1053 2600 et
1072 2554 1151 2617 super

158 2615 239 2678 ulcus
260 2619 430 2689 tenendum
461 2639 497 2680 ne
521 2641 573 2702 per
600 2623 817 2702 imprudentiam
843 2624 992 2684 adurentia
1018 2622 1149 2683 devoret.

156 2703 186 2762 Si
202 2701 285 2761 dolor
300 2705 327 2762 iu
343 2703 469 2780 gingivis
487 2715 545 2783 est,
561 2716 770 2785 moventurque
783 2708 870 2785 aliqui
882 2707 997 2784 dentes,
1004 2707 1099 2786 religi
1107 2721 1150 2765 eos

158 2794 288 2866 oportet:
316 2803 381 2846 nam
406 2789 581 2849 curationem
607 2793 794 2851 vehementer
819 2791 984 2870 impediunt.
1027 2793 1065 2850 Si
1091 2785 1148 2849 nibil

158 2871 366 2933 medicamenta
383 2873 553 2950 proficient,
569 2874 669 2935 ulcera
686 2884 769 2934 erunt
781 2873 934 2935 adurenda.
955 2875 1045 2949 Quod
1060 2883 1169 2935 tamena

150 2957 184 3016 iu
204 2955 293 3017 labris
310 2956 378 3018 ideo
396 2974 454 3017 non
471 2964 516 3016 est
530 2959 741 3036 necessarium,
765 2960 898 3038 quoniam
917 2958 1061 3019 excidere
1080 2973 1147 3018 coro·

156 3040 267 3099 modius
284 3050 338 3101 est.
361 3040 399 3100 Et
414 3041 442 3101 id
457 3040 571 3119 quidem
586 3059 680 3120 aeque
697 3042 827 3102 adustum
844 3051 930 3120 atque
946 3043 1082 3102 excisum
1094 3043 1147 3100 sine

156 3139 190 3182 aa
207 3125 364 3199 curatione,
381 3143 454 3202 quae
469 3143 554 3186 manu
569 3124 729 3204 adhibetur,
744 3127 859 3205 impleri
874 3143 932 3185 non
947 3133 1058 3204 potest.
1089 3124 1147 3184 llin-

155 3205 285 3283 givarum
299 3225 371 3267 vero
387 3225 471 3286 ossa,
489 3227 563 3288 quae
579 3205 692 3269 hebetia
710 3219 791 3287 sunt,
805 3210 833 3270 in
849 3217 1019 3288 perpetuum
1036 3209 1147 3268 ustione

155 3287 309 3348 nudantur·
326 3307 420 3366 neque
437 3294 511 3352 enim
527 3301 630 3372 postea
645 3310 713 3353 caro
731 3295 877 3354 increscit.
912 3291 1094 3371 Imponenda
1112 3299 1168 3350 tat-tt

155 3391 220 3433 meu
239 3370 346 3432 adustis
361 3372 496 3436 lenticula
509 3385 564 3455 cst,
578 3376 671 3439 donec
685 3379 844 3455 castitatem,
859 3376 951 3459 qualis
962 3394 1028 3436 esse
1040 3380 1145 3455 potest,

156 3455 306 3539 recipiant.
