2392 3906
378 225 447 272 uis.
466 223 518 272 111.
536 223 609 272 ose.
626 223 723 273 xuni.
1013 212 1054 272 99

46 382 75 439 is
100 377 187 438 dolus
208 378 376 438 insanientis
402 389 455 438 est.
488 379 562 438 Fere
582 397 653 438 vero
675 382 782 458 antiqui
802 380 875 440 tales
900 397 1005 457 aegros
1027 381 1056 439 in

48 462 185 522 tenebris
212 461 371 530 habebant;
406 479 443 522 eo
473 463 550 542 quod
578 463 634 524 illis
656 465 827 523 contrarium
853 473 932 524 esset
960 469 1054 523 exter·

47 549 129 622 reri,
151 545 231 606 etad
252 547 377 624 quietem
393 548 477 606 animi
493 546 629 606 tenebras
647 548 725 626 ipsas
743 549 876 608 corrierre
892 547 1000 625 aliquid
1008 549 1053 622 ju·
1135 562 1137 576 ·

48 630 199 690 dicabant.
231 629 271 689 Αι
290 629 501 708 Asclepiades,
528 641 669 709 tamquam
692 631 820 692 tenebris
848 633 921 710 ipsis
943 640 1052 691 terren-

24 714 147 789 stibus,
176 714 205 772 in
231 714 335 774 lumine
356 713 506 775 habendos
529 733 581 774 eos
604 715 684 774 dixit.
706 716 853 775 ¹Neutrum
875 724 967 774 autem
989 733 1053 794 per·

48 808 171 880 petuam
195 807 253 857 eat:
289 797 374 857 alium
401 801 475 858 enim
500 801 563 875 lux,
592 797 678 860 'alium
710 799 848 859 tenebrae
874 800 966 875 inagis
995 808 1052 857 tur-

46 885 134 951 baut;
162 883 418 960 reperiunturque,
445 884 474 942 in
501 882 602 962 quibus
633 883 738 942 nullum
769 883 921 942 discrimen
950 883 1052 961 depre-

48 967 139 1027 hendi
161 966 209 1024 vel
230 965 306 1042 hoc,
337 966 386 1025 vel
407 966 458 1026 illo
479 967 565 1026 modo
588 970 689 1047 possit.
726 967 868 1046 Optimum
889 969 985 1044 itaque
1010 975 1054 1024 est

51 1061 205 1129 utrumque
223 1049 365 1128 experiri;
387 1059 416 1109 et
439 1051 548 1111 babere
563 1069 643 1128 eum,
665 1053 712 1130 qai
735 1051 868 1110 tenebras
891 1050 1007 1125 horret,
1026 1051 1072 1107 in·

22 1135 137 1204 roluce;
156 1151 232 1209 euin,
251 1135 297 1212 qui
311 1134 415 1208 lucem,
431 1136 459 1194 in
475 1135 614 1195 tenebris.
643 1135 682 1194 At
696 1134 743 1194 ubi
758 1135 864 1195 nullum
879 1135 936 1194 tale
954 1135 1052 1194 discri-

55 1237 119 1278 rnen
135 1227 196 1294 est,
218 1235 322 1294 aeger,
344 1219 368 1276 si
383 1221 461 1278 vires
480 1219 583 1295 habet,
604 1219 672 1278 loco
693 1219 803 1287 lucido;
826 1220 851 1278 si
876 1235 933 1277 non
955 1217 1052 1290 babet,

53 1303 184 1362 obscuro
200 1301 389 1362 continendus
404 1312 458 1361 est.
488 1303 628 1363 Remedia
642 1321 714 1362 vero
731 1303 885 1377 adbibere,
902 1301 950 1361 ubi
966 1304 1053 1361 inaxi-

48 1405 95 1446 me
111 1386 196 1445 furor
215 1394 317 1462 urget,
334 1403 543 1464 supervacuum
559 1396 618 1446 est:
641 1387 723 1446 simul
742 1388 815 1446 enim
830 1387 921 1447 iebris
940 1403 1054 1464 quoque

49 1471 202 1530 increscit.
230 1468 331 1547 ltaque
354 1479 412 1528 tum
432 1469 501 1530 nihil
529 1472 583 1530 nisi
605 1469 792 1530 continendus
812 1488 902 1548 aeger
924 1479 983 1530 est:
1007 1468 1054 1527 ubi

19 1566 193 1614 maerores
211 1555 331 1632 patitur,
351 1553 520 1613 festinanter
536 1554 761 1614 subveniendum
777 1565 830 1614 est.
861 1545 1054 1632 Asclepiades

54 1638 177 1718 perinde
198 1655 265 1716 esse
288 1636 376 1712 dixit,
399 1637 443 1696 his
470 1640 635 1714 sanguinem
658 1640 743 1714 mitti,
770 1639 844 1698 acsi
863 1637 1052 1697 trucidentur:

51 1725 196 1782 rationem
211 1721 284 1780 hanc
301 1729 449 1799 sequutus,
465 1721 542 1799 quod
558 1740 652 1800 neque
668 1724 776 1782 insania
793 1731 889 1798 esset,
903 1723 957 1780 nisi
971 1720 1053 1780 febre

49 1809 180 1872 inteuta;
197 1822 291 1882 neque
308 1808 443 1882 sanguis,
465 1807 519 1865 nisi
534 1807 563 1866 ia
579 1807 749 1865 remissione
765 1808 843 1882 ejus,
866 1815 948 1865 recte
962 1807 1053 1863 mitte·

49 1899 141 1950 retur.
164 1888 236 1948 'Sed
256 1888 320 1968 ipse
349 1891 377 1947 in
404 1889 449 1948 lris
478 1908 605 1950 somnum
626 1891 712 1950 multa
739 1890 874 1950 frictione
896 1889 1052 1967 quaesivit:

17 1991 141 2054 acquum
157 1982 186 2032 et
200 1973 320 2032 intentio
336 1971 426 2032 lebris
444 1991 573 2034 somnum
591 1975 742 2054 impediat,
757 1984 787 2034 et
806 1975 901 2034 irictio
918 1991 975 2032 non
1000 1971 1055 2030 nisi

49 2061 79 2117 in
93 2058 271 2136 remissione
287 2056 350 2131 ejus
365 2058 444 2117 utilis
460 2061 506 2117 sit.
537 2058 638 2136 ltaque
652 2058 709 2118 boc
725 2075 839 2136 quoque
854 2057 988 2116 auxilium
1005 2055 1053 2114 de·

50 2143 111 2202 buit
138 2141 312 2219 praeterire.
346 2141 420 2214 Quid
442 2139 613 2217 igiturest?
642 2141 730 2201 blulta
753 2144 780 2199 in
803 2142 954 2220 praecipiti
978 2142 1053 2217 peri-

51 2226 120 2286 culo
137 2233 221 2284 recte
237 2225 315 2301 liunt,
331 2224 402 2284 alias
414 2225 579 2284 omittenda.
604 2225 642 2284 Et
655 2226 818 2284 continuata
834 2241 948 2302 quoque
963 2222 1054 2281 febris

51 2309 142 2368 babet
156 2317 300 2388 tempora,
316 2308 428 2386 quibus,
446 2310 499 2367 etsi
515 2325 572 2368 non
588 2309 718 2385 remittit,
739 2325 796 2367 uon
817 2317 911 2366 tamen
931 2306 1052 2365 crescit:

20 2401 159 2471 asestque
181 2391 254 2470 boc,
276 2401 306 2451 ut
327 2409 383 2450 non
406 2395 558 2472 optimum,
580 2394 623 2452 sic
641 2402 734 2452 tamen
749 2391 904 2450 secuudum
918 2389 1054 2450 remediis

56 2485 176 2554 tempus.
207 2475 292 2550 Quod
308 2478 332 2534 si
347 2477 425 2535 vires
442 2477 523 2553 aegri
539 2477 697 2556 patiuntur,
719 2477 837 2552 sanguis
852 2493 967 2554 quoque
983 2475 1054 2532 mitti

52 2559 150 2618 debet.
181 2559 274 2619 illinus
290 2559 442 2619 deliberari
459 2569 571 2639 potest,
594 2579 629 2619 an
646 2561 732 2620 alvus
748 2560 876 2619 ducenda
897 2561 942 2618 sit.
972 2557 1052 2632 Tum,

49 2645 227 2721 interposito
246 2643 304 2719 die,
324 2645 459 2703 convenit
477 2654 562 2723 eaput
579 2644 615 2704 ad
635 2653 728 2704 cutem
746 2645 866 2705 tondere
886 2645 939 2724 (ci.
959 2643 1052 2719 1‚4):

51 2727 160 2788 deinde
172 2743 247 2804 aqua
263 2726 377 2802 lovere,
388 2729 417 2786 in
432 2745 486 2805 qua
499 2729 647 2788 verbenae
663 2729 774 2807 aliquae
790 2729 932 2789 decoctae
945 2729 1002 2787 sint
1017 2745 1054 2784 ex

16 2837 39 2877 aa
51 2811 292 2890 reprimentibus:
310 2820 357 2870 aut
372 2813 452 2890 prius
465 2813 578 2887 lovere,
595 2813 700 2872 deinde
710 2813 841 2888 tondere,
854 2822 883 2872 et
897 2811 1023 2872 iterumi
1042 2841 1052 2850 ·

47 2914 139 2962 vere3
153 2912 189 2954 ao
200 2896 357 2954 novissime
367 2913 435 2955 rosa
449 2906 533 2975 caput
544 2915 688 2976 naresque
700 2896 836 2976 implere;
850 2897 957 2956 offerre
969 2896 1053 2953 etiam
1150 2896 1153 2901 '

47 2979 172 3038 naribus
187 2987 279 3038 rutam
294 2997 332 3038 ex
347 2987 433 3038 aceto
446 2981 610 3048 contritam;
629 2997 748 3041 movere
764 2987 985 3039 sternutamenta
994 2995 1052 3035 me-

49 3063 222 3123 dicamcntis
246 3063 274 3121 in
299 3061 328 3121 id
352 3063 531 3122 ellioaeibus.
566 3065 647 3138 Quae
668 3073 762 3124 tamen
787 3062 919 3122 iacienda
940 3069 1004 3122 sunt
1025 3060 1053 3118 in

49 3150 105 3224 iis,
129 3146 234 3225 quibus
249 3147 326 3206 vires
348 3164 404 3205 noa
426 3147 537 3206 desunt.
572 3149 602 3206 Si
619 3166 690 3207 vero
708 3147 890 3206 imbecillitas
907 3155 967 3220 est,
984 3162 1052 3204 rosa

17 3249 41 3292 as
52 3241 164 3290 tantum
183 3239 286 3307 caput,
303 3230 418 3304 adjecto
434 3231 581 3309 serpyllo,
599 3231 719 3290 similive
734 3232 848 3308 aliquo,
863 3230 1052 3290 madefacien-

50 3316 116 3375 dum
130 3323 187 3374 est.
218 3314 312 3374 Utiles
333 3317 417 3372 etiam
439 3317 467 3374 in
489 3314 713 3392 quibuscumque
728 3315 836 3372 viribus
857 3313 965 3374 herbae
980 3313 1053 3371 duae

51 3409 133 3477 sunt,
150 3398 282 3459 solanum
296 3408 326 3456 et
340 3397 466 3470 muralis,
484 3400 507 3456 si
523 3397 605 3456 simul
621 3417 658 3456 ex
673 3407 792 3475 utraque
809 3413 1053 3474 sucooiexpresso

6 3507 7 3514 ¹
53 3481 302 3564 caput'irnpletur.
336 3483 428 3556 Quum
443 3481 533 3542 lebris
549 3483 673 3557 remisit,
695 3481 828 3542 irietione
842 3481 974 3540 utendum
993 3487 1052 3546 est;
