2384 3896
134 201 196 264 alti
431 209 509 257 nc.
525 203 836 256 cncsruaorcruaa

134 365 222 428 mella
237 373 325 424 cocto
342 363 424 422 illita.
456 361 562 441 Neque
576 363 682 438 ignoro
696 357 793 420 multia
808 356 974 438 maculare,
995 357 1133 418 linamen-

135 461 193 512 tam
204 449 232 508 in
242 447 357 508 modum
370 445 484 520 collyrii
498 445 691 522 compositum
702 444 819 504 tinctum
831 440 920 501 melle
932 441 1064 500 demitti:
1083 441 1134 501 aed

136 532 263 594 celerius
278 531 306 590 id
319 530 492 608 glutinatur,
510 545 595 606 quam
608 528 753 606 impletur.
781 523 885 602 Neque
900 524 1067 584 verendum
1079 535 1132 598 eat,

135 635 172 676 na
188 632 289 694 purun
312 631 421 691 corpus
440 629 513 692 puro
533 613 651 690 corpori
664 611 795 685 landam
810 626 869 668 non
883 618 987 676 cooat;
1009 609 1135 684 adjuratis

136 716 252 778 quoque
266 697 483 759 medicamentis
498 694 532 756 ad
546 694 574 754 id
589 694 775 763 efficacibus3
799 709 885 772 quun
903 709 997 772 saepe
1013 690 1157 754 enulae-n

134 785 207 844 ratio
232 782 403 858 digitorum,
425 780 479 840 nisi
500 796 604 856 magna
619 797 686 838 cura
703 777 927 858 prospeximus,
945 775 1134 836 seducendo

135 869 163 926 ln
177 884 261 926 unu·
279 881 333 925 eos
344 867 458 941 jungat.

200 979 248 1041 13.
280 979 331 1040 Est
352 981 437 1040 etiam
458 977 564 1038 ulceris
586 995 696 1056 genus,
726 976 803 1056 qnod
825 995 841 1036 a
862 975 920 1036 lari
944 973 1132 1035 similitudine

135 1064 254 1144 κηρίον
278 1081 303 1124 a·
323 1063 442 1123 Graecis
469 1064 644 1122 nominatur:
677 1061 763 1139 idque
789 1059 859 1120 duas
885 1062 1005 1138 species
1037 1057 1131 1118 babet
1161 1073 1162 1076 ’

134 1148 265 1206 Alterum
287 1154 331 1205 est
353 1144 549 1223 subalbidum,
578 1144 730 1204 loruncolo
751 1142 856 1212 simile;
886 1143 939 1202 sed
964 1143 1081 1218 majus,
1106 1149 1153 1202 etr

136 1249 199 1289 corn
222 1229 323 1288 dolore
348 1229 473 1304 majore:
498 1227 576 1308 quod
599 1227 648 1286 ubi
669 1228 850 1304 maturescit,
871 1225 958 1284 habet
978 1227 1132 1298 foramina,

135 1331 188 1390 per
206 1329 279 1391 quae
295 1313 386 1371 lentur
401 1313 501 1372 homor
513 1313 676 1389 glutinosus
688 1319 716 1370 et
729 1307 909 1390 purulentus:
926 1327 1024 1388 neque
1039 1317 1134 1368 tamen

135 1395 170 1455 ad
188 1394 294 1470 justam
316 1395 505 1474 maturitatem
521 1396 664 1473 pervenit.
701 1393 731 1454 st
747 1393 866 1453 divisum
882 1401 942 1467 est,
958 1391 1055 1451 multo
1072 1391 1133 1470 plus

135 1481 209 1539 intus
230 1481 374 1560 corrupti,
401 1497 485 1558 quam
505 1479 532 1536 in
554 1477 723 1553 furunculo,
748 1485 886 1555 apparet,
913 1475 1064 1554 altiusque
1083 1475 1132 1534 'de-

135 1563 256 1623 scendit.
276 1561 354 1623 Raro
370 1564 400 1622 lit
411 1563 439 1621 in
452 1561 575 1642 capillis.
599 1561 729 1620 Alterum
742 1569 786 1619 est
798 1561 904 1635 minus,
919 1577 1010 1638 super
1022 1577 1157 1638 corpusn

135 1647 280 1723 eminens,
298 1633 534 1721 dorum,latum,
551 1644 709 1722 subviride,
724 1643 925 1722 subpallidam,
941 1643 1037 1720 magis
1054 1641 1132 1701 exul·

135 1737 278 1788 ceratum:
307 1728 446 1805 siquidem
468 1727 702 1806 ad‘singulornm
718 1727 843 1806 pilormn
858 1725 973 1786 radices
991 1729 1134 1785 toramine

136 1818 220 1886 sunt,
243 1826 297 1888 per
314 1827 387 1887 qaae
402 1810 494 1870 lertur
509 1810 610 1871 humor
624 1810 803 1886 glutinosus,
826 1809 1026 1888 subpallidus,
1056 1827 1132 1868 cras·

135 1891 285 1951 situdinem
308 1894 419 1970 mollis,
442 1901 488 1953 aut
507 1896 580 1954 visci
595 1895 744 1970 referens,
766 1892 907 1953 interdurn
922 1892 996 1953 olei:
1021 1894 1047 1950 si
1064 1893 1131 1952 inci·

135 1975 225 2052 ditur,
241 1975 339 2035 viridis
355 1978 429 2037 intus
446 1994 515 2036 caro
531 1985 662 2057 apparet.
685 1977 778 2038 Dolor
794 1985 887 2036 autem
900 1984 928 2034 et
943 1975 1158 2038 inflammation

100 2073 104 2081 ·
134 2059 238 2135 ingens
268 2068 329 2137 cst,
359 2059 432 2120 adeo
460 2069 490 2119 ut
511 2070 623 2122 acutam
647 2077 762 2139 quoque
786 2058 898 2119 labrem
919 2076 1040 2118 movere
1066 2076 1131 2118 con·

135 2143 253 2202 suerint.
276 2145 371 2222 Super
385 2144 428 2219 id,
445 2142 522 2222 quod
538 2143 756 2203 minua·crebris
771 2142 959 2203 foraminibus
971 2159 1131 2220 exaspera·
1187 2189 1188 2220 ,

133 2235 192 2284 tum
215 2234 272 2302 est,
303 2235 384 2287 recte
405 2228 560 2307 imponitur
585 2236 615 2285 et
634 2225 705 2286 dcua
724 2227 821 2302 arida,
854 2236 883 2285 et
904 2226 954 2285 lini
975 2243 1083 2284 semen
1106 2227 1130 2283 in
1186 2227 1188 2286 ἶ

35 2366 42 2375 ,
134 2310 227 2370 mulso
251 2318 379 2386 coctum,
410 2319 438 2370 et
459 2309 613 2388 emplastra
637 2327 672 2370 ac
695 2309 864 2386 malagmata
886 2310 1035 2370 materiam
1065 2309 1129 2368 edo·
1187 2301 1188 2370 ἶ

135 2394 256 2468 centia,
268 2402 315 2453 aut
331 2407 405 2478 quae
423 2394 542 2477 proprie
557 2393 612 2452 huo
628 2394 799 2471 pertinentia
812 2393 1007 2472 supraposui.
1032 2393 1156 2473 Supera

135 2475 255 2534 alterum
277 2485 306 2534 et
327 2477 427 2536 eadem
448 2475 672 2552 medicamenta,
696 2485 726 2535 et
747 2477 839 2535 larina
860 2494 897 2534 en
915 2476 1009 2535 mulso
1034 2486 1130 2551 cocta,

135 2559 193 2631 sic,
217 2566 247 2617 ut
264 2559 291 2616 ei
306 2558 449 2618 dimidium
464 2561 578 2618 resinae
593 2558 803 2619 terebinthinae
819 2560 989 2627 misceatur3
1015 2568 1045 2618 et
1060 2561 1131 2619 licus

135 2639 163 2696 in
184 2639 277 2697 mulso
300 2639 436 2717 decocta,
459 2645 504 2700 cui
520 2642 634 2720 paulum
651 2642 772 2722 hyssopi
788 2643 902 2702 contriti
918 2644 954 2700 sit
970 2641 1129 2718 adjectum

135 2729 165 2779 et
186 2729 260 2781 uvae
280 2725 412 2782 taminiae
436 2739 504 2803 pars
527 2735 636 2803 quarta.
674 2726 758 2800 Quod
780 2727 804 2784 si
821 2743 920 2805 parum
937 2727 964 2784 in
988 2725 1130 2786 utrolibet

134 2821 243 2881 genere
259 2806 465 2867 medicamenta
483 2809 657 2886 proficiunt,
673 2818 762 2869 totum
778 2807 861 2869 ulons
874 2809 967 2887 usqne
980 2809 1017 2869 ad
1031 2825 1157 2872 sanamao

135 2906 250 2949 carnem
263 2888 358 2950 excidi
371 2890 643 2968 oportebit.Ulcere
658 2892 768 2969 ablato,
795 2910 884 2970 super
899 2893 1017 2971 plagam
1040 2893 1128 2952 rnedi-

135 2984 263 3034 camenta
280 2974 372 3036 danda
387 2983 466 3049 aunt,
483 2975 619 3053 primum,
636 2993 710 3054 qnae
727 2994 781 3054 pus
797 2971 899 3043 citent?
917 2975 1037 3054 deinde,
1055 2992 1128 3056 quae

134 3068 272 3130 purgent3
294 3069 368 3136 tum,
391 3077 465 3137 quae
481 3057 627 3136 impleant.

200 3188 248 3248 14.
273 3191 344 3250 Sunt
359 3208 432 3252 vero
448 3192 585 3270 quaedam
600 3192 731 3264 verrucis
743 3193 860 3262 similia3
879 3209 1000 3270 quoram
1011 3191 1127 3252 diversa

79 3275 83 3281 “
134 3271 264 3346 nomina,
278 3282 308 3330 nt
322 3275 390 3332 vitia
405 3284 478 3334 sunt.
499 3264 743 3353 ’Λκριιχορᾶόνα
754 3275 858 3336 Graeci
874 3285 998 3352 vocant,
1014 3275 1064 3336 ubi
1075 3274 1155 3336 mcc

135 3362 201 3414 cute
217 3355 276 3413 coit
291 3355 397 3432 aliquid
413 3357 525 3433 durius,
549 3367 579 3418 et
593 3358 732 3420 interdum
746 3358 834 3438 paulo
847 3360 996 3438 asperius,
1018 3359 1127 3420 coloris

136 3436 280 3512 eiusdem
304 3452 392 3513 supra
407 3436 511 3516 latius,
528 3441 563 3502 ad
577 3451 672 3502 cutem
689 3449 793 3506 tenue:
814 3442 900 3521 idque
915 3443 1060 3505 modicum
1073 3451 1126 3518 eat,
1154 3464 1157 3474 ¹
