2392 3906
318 212 386 262 orn.
400 213 438 260 11.
456 183 532 262 oar.
548 215 620 262 nux.
636 216 695 264 xx.
709 217 780 266 xx1.
1005 207 1045 268 67

393 435 582 504 CAPUT.
606 439 713 500 XIX.

133 551 208 610 Quae
224 559 311 602 natura
328 565 358 601 ac
372 553 513 617 proprietas
530 554 652 617 cujusque
668 557 703 606 rei
719 557 751 606 sit
769 569 818 619 qua
834 559 965 608 vescimur.
1011 609 1015 618 ,

111 702 224 781 Neque
237 702 310 764 haec
325 702 389 764 sola
403 702 564 765 discrimina
576 715 654 772 snnt:
674 707 822 768 sedetiam
833 709 967 768 aliaeres
983 707 1051 768 boni

41 789 135 848 succi
160 795 241 862 sunt,
266 786 442 856 diaconali:
472 805 543 867 quas
569 777 748 868 εὐχύμους,
775 791 823 851 vel
846 783 1052 868 κακοχύμους

13 872 164 934 aGraeci
181 879 300 940 vocatu
317 870 391 932 aliae
405 871 501 948 lenes,
523 872 597 933 aliae
612 891 710 942 acres:
731 873 807 936 allae
822 876 993 936 crassiorem
1010 876 1050 951 pi·

41 957 156 1016 tnitam
172 954 290 1030 faciunt,
304 953 378 1016 aliae
389 956 561 1024 tenuiorem:
584 956 657 1016 aliae
669 958 790 1018 idoneae
802 958 962 1033 stomacho,
978 957 1052 1016 aliae

45 1040 171 1102 alienae
188 1045 268 1098 sunt:
285 1039 408 1117 itemque
423 1039 497 1100 aliae
513 1041 713 1136 indant,·aliae
728 1040 834 1102 abhoc
846 1042 960 1108 absunt:
978 1040 1051 1100 aliae

51 1121 245 1197 calefaciunt,
266 1121 340 1182 aliae
363 1122 551 1199 refrigerant;
577 1123 650 1183 aliae
668 1124 757 1186 iacile
780 1128 807 1185 in
823 1123 970 1187 stomacho
986 1141 1050 1184 ace

51 1214 156 1283 scunt,
176 1205 252 1265 aliae
271 1221 328 1265 non
343 1206 430 1266 lacile
449 1207 523 1268 intus
539 1217 771 1286 corrumpuntur:
794 1208 867 1269 aliae
881 1217 996 1268 movent
1011 1207 1050 1268 al·

11 1304 39 1344 ιο
49 1307 138 1365 vum,
169 1289 242 1348 aliae
263 1289 456 1368 supprimunt;
483 1289 558 1352 aliae
579 1293 666 1351 citant
686 1293 794 1353 urinam
820 1293 873 1370 (cl.
897 1310 961 1370 cap.
984 1292 1051 1370 31),

45 1373 151 1432 *aliae
175 1371 300 1440 tardant;
326 1371 466 1450 quaedam
488 1391 616 1436 somnum
636 1384 769 1453 movent,
790 1376 928 1456 quaedam
948 1393 1051 1435 sensus

44 1459 192 1516 excitant.
231 1455 312 1530 Quae
333 1457 427 1516 omnia
448 1456 515 1520 ideo
539 1459 683 1519 noscenda
704 1469 782 1536 sunt,
817 1462 946 1539 quoniam
975 1458 1051 1518 aliud

47 1541 99 1600 alii
123 1539 175 1598 vel
198 1540 326 1618 corpori,
340 1539 390 1597 vel
404 1538 561 1601 valetudini
577 1544 720 1602 convenit.

410 1776 590 1839 OAPUT
620 1781 700 1840 XX.

12 1911 38 1950 15
184 1867 191 1880 ι
345 1893 381 1942 1)ο
400 1893 439 1943 his
456 1909 519 1958 quaa
536 1896 594 1946 boni
612 1899 679 1946 succi
698 1905 764 1950 sunt.

115 2043 192 2102 Boni
216 2046 295 2104 succi
317 2053 382 2104 sunt
402 2047 541 2123 triticum,
562 2047 664 2124 siligo,
689 2047 779 2124 alica,
794 2063 899 2122 oryza,
918 2047 1049 2124 amylum,

50 2139 185 2204 tragum,
208 2130 335 2205 ptisana,
357 2128 419 2206 lac,
443 2129 667 2205 casensmollis,
692 2131 782 2188 omnis
796 2134 928 2206 venatio,
950 2147 1049 2190 omnes

51 2230 136 2287 aves,
153 2229 229 2289 quae
245 2229 283 2270 ex
297 2211 389 2271 media
405 2214 524 2272 materia
541 2221 618 2278 sunt:
636 2230 673 2270 cx
688 2212 843 2287 majoribus
854 2231 970 2292 quoquo
987 2233 1049 2291 eae,

54 2313 127 2373 quas
148 2311 236 2372 supra
256 2295 416 2355 nominavi:
438 2295 522 2356 medii
546 2297 620 2354 inter
641 2305 757 2356 teneros
779 2295 924 2374 durosque
940 2298 1048 2375 pisces,

21 2387 90 2436 nont
102 2377 221 2453 mullos,
239 2387 267 2438 et
282 2379 380 2457 lupus:
399 2396 486 2440 verna
501 2378 613 2438 lactuca
629 2379 685 2458 (cl.
703 2395 767 2458 cap.
782 2379 850 2456 32),
865 2380 965 2456 urtica,
981 2380 1048 2439 mal·

60 2477 108 2537 va,
123 2459 278 2537 cucurbita,
295 2479 379 2522 ovum
399 2462 524 2538 sorbile,
540 2461 706 2540 portulaca,
722 2461 875 2540 cochleae,
891 2462 1046 2542 palmulae:

57 2563 98 2604 ex
117 2547 212 2624 pomis
231 2545 432 2625 quodcumque
452 2563 547 2623 neque
566 2545 717 2622 acerbum,
743 2564 837 2624 neque
859 2546 969 2606 acidum
987 2556 1046 2606 est:

54 2630 153 2688 vinum
164 2628 262 2704 dulce,
277 2628 325 2689 vel
339 2629 415 2707 lene,
431 2647 554 2707 passum,
571 2629 723 2706 defrutum,
740 2629 839 2704 oleae,
858 2647 931 2709 qnae
947 2647 985 2689 ex
1004 2630 1047 2689 his

54 2711 168 2772 dnohns
190 2712 219 2771 in
242 2711 380 2773 alterutro
402 2721 534 2776 servatae
555 2719 633 2774 sunt:
655 2712 775 2790 vulvae,
796 2721 907 2788 rostra,
935 2721 1046 2772 truncu-

18 2809 45 2848 25
56 2797 135 2874 lique
153 2812 243 2872 suum,
260 2797 350 2854 omnis
366 2796 477 2875 pinguis
493 2813 573 2874 caro,
589 2799 679 2856 omnis
691 2795 844 2874 glutinosa,
859 2813 942 2855 omne
953 2797 1047 2870 iecor.

377 3031 576 3091 CAPUT
614 3032 723 3091 XXI.

349 3147 386 3196 De
401 3147 440 3198 hls
455 3161 518 3211 quae
532 3147 591 3196 mali
605 3149 672 3196 succi
692 3155 756 3198 sont.

117 3298 186 3359 hlali
208 3315 280 3357 vero
302 3301 381 3360 succi
403 3308 466 3359 sunt
485 3299 604 3374 milium,
626 3291 770 3380 panicum,
795 3299 947 3375 hordeum,
967 3301 1045 3376 legn-

54 3386 146 3458 mina,
163 3399 234 3442 caro
251 3380 408 3470 domestica
424 3400 589 3462 permacra,
605 3384 753 3459 omnisque
770 3401 837 3443 caro
853 3384 945 3459 salsa,
963 3401 1046 3441 omne

23 3481 47 3524 ao
57 3468 271 3543 salsamentum,
282 3484 391 3544 garum,
404 3475 488 3527 vetus
500 3483 611 3544 caseus,
626 3467 710 3542 siser,
725 3465 861 3610 radicnlg,
873 3485 953 3562 rapa,
969 3468 1045 3544 napi,
