2372 3892
151 169 212 232 292
437 174 471 224 n.
491 171 636 224 cemes
652 169 844 222 numenius

152 334 251 478 cende(¹
257 341 316 402 est;
332 347 388 413 quc
403 329 517 392 facilius
531 327 626 390 omnia
640 343 715 406 qnae
728 332 929 403 excesserunt,
944 324 1133 386 intrantem

152 418 232 478 consi
254 426 311 478 ant.

494 651 680 716 CAPUT
711 651 792 712 XV.

387 773 517 833 Quomodo
532 787 599 838 equa
611 772 757 838 hydropicis
770 772 902 821 emittetur.

214 925 324 1003 Aquam
339 926 384 1001 iis,
406 925 453 1002 qui
469 923 620 1004 hydropici
635 931 710 996 suut,
724 921 812 982 emitti
827 928 984 998 oportere,
997 921 1073 982 alias
1088 920 1151 980 dinis

153 1006 219 1086 (ΙΙΙ,
229 1008 295 1088 21).
294 1008 403 1163 (punc,
413 1006 680 1084 quemadmodumid
688 1007 745 1082 fiat,
753 1005 903 1065 dicendum
912 1012 960 1062 est
969 1006 1027 1083 (ci.
1037 1005 1137 1079 Meg.

152 1090 202 1166 VI,
213 1094 279 1168 50).
322 1090 412 1151 uidam
426 1101 520 1152 autem
531 1090 584 1152 snb
595 1090 741 1165 umbilico,
750 1089 812 1149 iere
828 1095 952 1165 quatuor
965 1089 1139 1168 interpositis

151 1173 248 1248 digitis
262 1191 278 1232 a
290 1175 403 1233 sinistra
417 1184 513 1252 parte:
530 1174 654 1254 quidam,
664 1176 729 1252 ipso
741 1172 877 1232 umbilico
889 1171 1061 1250 perforato,
1069 1173 1097 1232 id
1107 1172 1140 1230 in

152 1273 220 1316 cere
234 1266 420 1317 consuerunt:
437 1259 759 1337 quidnm‚cutcprinrum
768 1255 877 1330 adusta,
889 1253 1140 1316 deindeinteriurc

151 1338 302 1400 abdomine
323 1341 430 1410 inciso;
453 1344 535 1421 quia,
561 1341 638 1421 quod
654 1359 707 1420 per
725 1342 820 1416 ignem
835 1337 957 1399 divisum
974 1348 1041 1416 est,
1058 1341 1160 1399 misus!

151 1422 287 1484 celeriter
307 1425 375 1484 coit.
405 1424 618 1486 Ferramentum
646 1433 739 1484 eutem
765 1423 921 1482 demittitur
941 1440 1055 1500 magna
1083 1440 1141 1482 cnm

150 1507 262 1584 habite,
284 1525 320 1566 ne
335 1526 390 1586 qua
406 1527 480 1568 vene
496 1508 645 1568 incidatur.
683 1506 716 1566 id
736 1506 795 1566 tale
813 1523 879 1564 csse
894 1505 1005 1580 dehet,
1031 1517 1066 1566 nt
1088 1506 1141 1566 iere

150 1592 262 1651 tertiam
278 1589 357 1668 digiti
372 1601 481 1670 purtem
493 1590 611 1653 latitudo
623 1591 767 1650 mucronis
779 1589 908 1668 implent:
926 1589 1142 1650 demittendum

151 1692 206 1752 que
223 1676 260 1734 ite
283 1684 343 1750 est,
367 1684 396 1735 ut
415 1675 605 1736 membranam
627 1691 743 1752 quoque
763 1681 906 1747 transeat,
937 1691 997 1752 qua
1024 1673 1141 1734 curcei

149 1758 288 1817 interiore
302 1767 384 1835 parte
400 1760 509 1820 iinitur:
524 1775 562 1818 eo
578 1759 634 1818 tum
647 1757 781 1836 plumbea
796 1765 843 1816 unt
860 1773 950 1818 aenea
963 1757 1068 1818 iistnia
1083 1776 1165 1826 cona

147 1839 274 1914 jicienda
289 1850 349 1916 est,
364 1843 411 1902 vei
426 1845 586 1903 recurvatis
601 1843 629 1900 iu
644 1842 820 1902 exteriorem
835 1849 947 1919 purtem
971 1841 1089 1919 labris,
1104 1840 1141 1900 nni

150 1923 177 1980 in
193 1922 285 1983 media
305 1923 549 2003 circumsurgente
565 1925 684 2004 quadem
702 1941 798 2000 mora,
818 1941 854 1983 ne
876 1932 937 1985 tcta
953 1925 1034 1986 intus
1054 1925 1141 1988 deleti

149 2008 252 2083 possit.
279 2007 370 2082 Hujus
386 2026 419 2069 ea
437 2027 516 2088 pars,
531 2027 604 2087 quse
620 2010 702 2084 iutra,
717 2007 803 2086 paulo
819 2006 936 2084 longior
953 2027 1027 2068 esse
1051 2011 1141 2083 debet,
1183 2083 1184 2092 χ

133 2092 235 2167 'quum
256 2109 330 2169 quac
346 2101 443 2160 extrem
467 2101 496 2152 ut
511 2093 584 2153 ultra
599 2093 764 2152 interiorem
780 2090 973 2151 membranam
992 2093 1140 2172 procedat
1183 2127 1184 2160 3

148 2173 205 2232 Per
218 2173 292 2235 hanc
307 2175 494 2236 effundendus
511 2176 612 2236 humor
626 2185 684 2235 est:
706 2185 794 2253 etque
816 2175 863 2234 ubi
884 2177 978 2250 major
996 2181 1161 2255 perseius
1183 2207 1184 2218 2

148 2267 343 2334 evomisset,
361 2259 518 2319 claudenda
534 2259 659 2319 demisso
674 2259 793 2318 linteolo
807 2258 898 2318 iistula
915 2268 976 2327 est;
994 2264 1073 2321 etin
1088 2260 1139 2322 vni
1183 2325 1184 2342 χ

148 2359 235 2416 uere,
252 2343 275 2400 si
290 2341 318 2401 id
336 2351 426 2401 ustum
439 2361 496 2403 non
512 2352 566 2418 est,
580 2342 777 2421 relinquenda.
794 2340 906 2402 Deinde
918 2360 973 2420 per
988 2347 1141 2425 insequor
1183 2347 1184 2388 ἲ

150 2433 196 2482 tes
226 2424 289 2484 dies
314 2425 393 2485 circa
415 2425 544 2502 singulas
560 2425 688 2486 heminas
703 2409 900 2500 emittendum,
922 2425 1023 2488 donec
1040 2430 1140 2490 nuilnm
1182 2413 1184 2524 J

147 2523 239 2582 equae
255 2509 405 2582 vestigium
420 2518 568 2586 appareat.
585 2508 705 2584 Quidam
717 2518 810 2569 tamen
821 2510 906 2568 etiam
917 2526 976 2568 non
988 2521 1057 2572 usta
1072 2523 1141 2584 cute,

150 2589 280 2667 protinus
296 2590 415 2650 fistulam
431 2593 587 2671 recipiunt,
603 2601 632 2651 et
653 2609 741 2670 super
757 2591 858 2653 vulnus
879 2583 1041 2670 spongiam
1058 2595 1161 2672 ***¹)e

148 2689 317 2750 expressam
335 2671 475 2748 deligant:
492 2675 595 2734 deinde
617 2685 738 2754 postero
759 2676 806 2735 die
829 2693 928 2734 rursus
953 2679 1084 2740 fistulam
1098 2679 1139 2738 de

147 2756 271 2832 mittunt,
292 2755 368 2833 quod
385 2774 489 2815 recens
503 2759 606 2818 vulnus
623 2759 736 2838 panium
750 2757 894 2818 diductum
911 2763 1042 2839 patitur,
1058 2773 1105 2836 ut,
1119 2761 1140 2819 si

148 2840 215 2919 quid
230 2840 356 2900 humoris
373 2851 517 2920 superest,
534 2845 691 2904 emittatur:
709 2841 796 2920 idque
819 2840 865 2902 bis
884 2844 922 2902 ita
944 2843 1061 2907 iecisse
1079 2863 1138 2906 con

147 2929 216 2986 tenti
233 2935 306 2986 sunt.

155 3077 348 3090 -ιι--ο--ι-ι

218 3158 246 3219 1)
261 3161 344 3208 Verba
354 3164 438 3225 aliqua
451 3163 550 3214 desunt.
573 3163 668 3214 Forsan
678 3182 713 3216 ecc
722 3173 800 3216 aceto.
814 3163 877 3212 Vide
887 3137 1007 3228 proximo
1024 3182 1082 3232 cup.
1097 3164 1136 3221 16:

148 3240 172 3288 p.
185 3224 245 3282 294,
255 3227 270 3273 l.
288 3225 333 3274 10:
345 3232 486 3293 spongiam,
497 3241 540 3279 eut
550 3233 675 3281 succidam
686 3234 768 3282 lenem
778 3247 809 3280 ex
819 3239 889 3280 noeto
900 3246 1064 3296 expressam.
1079 3235 1136 3283 Pan·

147 3293 186 3344 lus
200 3291 274 3342 honen
286 3295 302 3341 i.
317 3296 333 3342 l.
349 3293 387 3357 (p.
401 3299 452 3348 220
464 3299 502 3348 ed.
519 3299 621 3361 Bn·inu):
640 3291 724 3362 μότου
743 3289 931 3363 στρεπτάριον.
