2444 3904
165 212 203 272 12
459 225 855 275 mocunsruunmruss

1211 295 1212 324 l

160 385 206 442 siti
223 381 345 457 affecto,
372 399 457 460 quum
478 389 544 462 post
560 380 728 440 ebrietatem
742 397 804 439 eum
822 382 912 458 premi
932 382 1068 458 coepisse
1084 395 1152 478 ⁰⁰3}
1211 369 1212 396 ³

159 474 269 540 nosset,
289 483 391 543 aquam
407 466 538 544 frigidam
555 466 685 541 ingessit.
716 466 779 540 Qua
799 464 850 523 ille
871 474 973 543 epota,
992 481 1075 543 quum
1095 464 1152 522 vini

159 552 215 609 vim
232 511 381 609 mlscendo
405 551 558 628 fregisset,
588 550 717 628 protinus
740 547 850 608 febrem
872 565 989 607 somno
996 557 1026 607 et
1047 547 1152 606 sudore

159 633 302 694 discussit.
337 634 423 709 Quod
447 634 580 693 auxilium
603 631 731 692 medicus
752 641 915 711 opportune
938 621 1078 710 providit,
1095 649 1152 691 non

158 736 196 776 en
209 735 255 794 eo,
272 717 350 795 quod
365 727 413 778 aut
426 717 590 778 adstrictum
605 734 711 794 corpus
725 724 796 793 erat,
810 727 857 776 aut
868 715 989 786 dusbat;
1006 715 1057 774 sed
1069 733 1107 774 ex
1120 731 1174 776 eas

159 819 260 878 causa,
279 819 353 880 quae
368 811 433 861 ante
456 809 669 879 praecesserat.
697 801 808 878 Estque
829 802 914 859 etiam
935 801 1082 878 proprium
1104 799 1153 858 ali·

159 886 226 964 quid
251 895 279 946 et
300 887 357 945 loci
380 895 408 946 et
430 887 568 963 temporis
589 887 650 944 istis
672 901 788 962 quoque
808 883 987 943 auctoribus:
1006 885 1054 962 qui
1070 899 1154 961 quum

158 970 312 1049 disputant,
329 968 564 1047 quemadmodum
580 970 656 1027 senis
671 967 831 1028 hominibus
848 967 988 1066 agendum
1006 970 1042 1026 sit
1044 972 1152 1046 ,prae-

159 1056 277 1132 cipiunt,
294 1063 323 1111 ut
341 1053 478 1129 gravibus
489 1061 536 1112 aut
547 1053 622 1113 locis
634 1060 682 1111 aut
693 1051 871 1131 temporibus
883 1053 975 1128 magis
989 1054 1094 1111 vitetur
1104 1051 1151 1110 fri·

157 1155 224 1213 gus,
240 1145 346 1212 aestus,
363 1138 492 1212 satietas,
508 1136 606 1212 labor,
622 1135 725 1201 libido:
743 1138 893 1214 magisque
916 1144 945 1194 ut
966 1136 1214 1234 conquiescatro

157 1220 258 1279 iisdem
273 1219 345 1280 locis
360 1230 409 1280 aut
425 1221 619 1320 temporibus,
637 1222 660 1279 si
677 1222 740 1297 quis
754 1222 922 1298 gravitatem
938 1222 1072 1298 corporis
1088 1237 1152 1278 sen·
1213 1251 1214 1254 =

156 1306 204 1371 tit;
229 1321 263 1364 ac
285 1321 380 1381 neque
401 1306 509 1364 vomitu
535 1304 727 1381 stomachum,
754 1322 848 1383 neque
872 1306 1042 1382 purgatione
1059 1301 1153 1362 alvum

157 1387 304 1447 sollicitet.
334 1389 415 1462 Quae
432 1407 500 1448 vera
520 1388 634 1467 quidem
651 1398 729 1454 sunt:
757 1407 772 1449 a
793 1387 987 1447 communibus
1006 1395 1100 1446 tamen
1118 1385 1153 1445 ad

158 1471 298 1549 quaedam
312 1475 432 1551 propria
448 1473 633 1532 descendunt.
666 1471 728 1532 Nisi
748 1471 926 1551 persuadere
941 1471 1028 1530 nobis·
1042 1471 1152 1546 volunt,

157 1557 234 1615 sanis
251 1556 364 1634 quidem
380 1556 616 1617 considerandum
633 1575 717 1632 esse,
739 1557 814 1634 quod
831 1556 960 1632 coelum,
986 1555 1062 1634 quod
1083 1565 1182 1613 tem-rs

157 1658 211 1718 pus
225 1642 289 1699 anni
305 1641 355 1709 sit;
375 1643 471 1717 aegris
490 1660 559 1701 vero
576 1639 633 1700 nou
650 1659 731 1700 esse:
748 1639 850 1718 quibus
862 1649 939 1699 tanto
955 1641 1046 1716 magis
1060 1639 1152 1698 omnis

157 1722 324 1783 observatio
339 1727 506 1784 necessaria
521 1734 581 1801 est,
606 1734 711 1803 quanto
725 1726 817 1800 magis
836 1723 959 1783 obnoxia
979 1724 1098 1783 offensis
1111 1724 1152 1780 in·

157 1808 274 1867 firmitas
292 1816 347 1867 est.
370 1808 444 1883 Quin
462 1810 546 1868 etiam
560 1809 726 1868 morborum
742 1809 771 1866 iu
785 1807 886 1867 iisdem
899 1806 1060 1867 bominibus
1078 1807 1153 1866 aliae

156 1899 242 1968 atque
261 1891 334 1951 aliae
350 1895 545 1970 proprietates
560 1901 638 1958 sunt;
663 1894 753 1971 etqui
776 1891 909 1951 secundis
926 1890 1078 1970 aliquando
1094 1890 1152 1949 fru-
1214 1919 1215 1960 q

156 1983 215 2034 stra
232 1984 347 2034 curatus
364 1985 422 2052 est,
443 1977 594 2035 contrariis
611 1993 700 2054 saepe
721 1978 887 2034 restituitur.
926 1976 1107 2052 Plurimaque
1125 1977 1183 2033 fuso

156 2057 250 2118 dando
266 2058 330 2118 cibo
349 2059 510 2119 discrimina
526 2060 721 2138 reperiuntur:
748 2077 785 2118 ex
809 2059 910 2138 quibus
931 2067 1082 2119 contentus
1096 2075 1154 2116 uno

156 2159 218 2202 ero.
236 2142 307 2202 Nam
322 2144 426 2203 famem
437 2143 556 2203 facilius
567 2143 751 2220 adolescens,
765 2161 848 2222 quam
860 2161 932 2222 puer
941 2141 1035 2223 (Aplt.
1043 2142 1065 2218 l,
1081 2141 1152 2218 ta);

155 2227 268 2286 facilius
283 2229 311 2286 in
327 2227 417 2287 denso
436 2227 532 2303 coelo,
549 2245 631 2306 quam
647 2230 674 2287 in
689 2230 781 2294 tenui:
804 2229 917 2288 facilius
938 2227 1046 2303 hieme,
1069 2243 1154 2304 quam
1215 2271 1216 2300 q

157 2321 282 2380 aestate:
307 2312 420 2372 facilius
443 2329 499 2371 uno
523 2311 606 2388 cibo,
631 2329 714 2390 quam
735 2312 855 2390 prandio
871 2329 985 2390 quoque
1001 2319 1153 2376 assuctus;

155 2396 269 2455 facilius
284 2397 498 2472 inexercitatus,
513 2415 595 2476 quarn
611 2398 786 2455 exercitatus
797 2395 882 2454 homo
895 2397 1023 2455 sustinet.
1056 2394 1183 2472 Saepess

157 2487 252 2537 autem
267 2481 295 2538 in
311 2499 346 2538 eo
362 2482 454 2557 magis
475 2481 641 2540 necessaria
664 2479 719 2537 cibi
740 2479 885 2538 festinatio
908 2488 969 2555 est,
992 2479 1040 2556 qui
1061 2479 1154 2536 minus

156 2561 278 2620 inediam
294 2563 409 2622 tolerat.
448 2562 491 2621 0b
509 2579 583 2639 quae
600 2562 750 2639 concipio,
774 2579 855 2637 eum,
885 2565 931 2640 qui
953 2563 1072 2642 propria
1097 2579 1155 2621 non

156 2645 252 2720 novit,
271 2647 428 2704 communia
445 2654 550 2704 tantum
572 2646 675 2703 intueri
692 2643 815 2714 debere;
838 2664 977 2726 eumque,
997 2649 1045 2725 qui
1065 2663 1155 2705 nosse

153 2728 275 2806 propria
292 2737 405 2806 potest,
425 2728 475 2787 illa
496 2727 609 2804 quidem
626 2745 682 2786 non
698 2737 837 2806 oportere
851 2732 1020 2808 negligere,
1040 2730 1094 2789 sed
1110 2730 1154 2788 luis

156 2828 271 2902 quoque
288 2811 430 2870 insistere·
443 2810 606 2910 Ideoque,
628 2829 712 2890 quum
730 2831 783 2891 par
800 2817 919 2874 scientia
935 2817 985 2890 sit,
1008 2813 1183 2873 utilioremao

115 2899 117 2904 ’
155 2891 249 2954 tam'en
265 2896 404 2955 medicum
425 2913 491 2955 esse
513 2897 648 2970 amicum,
673 2914 756 2975 quam
778 2907 952 2957 extraneum.

220 2979 321 3056 lgitur,
339 2989 369 3038 ut
386 2978 422 3039 ad
438 2981 618 3058 propositum
636 2998 729 3040 meum
751 2981 883 3057 redeam,
907 2981 1077 3041 rationalem
1093 2980 1153 3058 qui·
1215 3035 1216 3048 ,

156 3061 221 3122 dem
237 3073 307 3142 puto
321 3063 490 3123 medicinam
506 3081 572 3123 esse
588 3063 713 3126 debere:
737 3066 837 3124 instrui
861 3082 932 3124 vero
940 3064 992 3124 ab
1012 3064 1153 3146 evidenti·

156 3146 210 3205 bus
229 3149 337 3215 causis;
357 3147 489 3206 obscuris
499 3147 643 3224 omnibus,
657 3167 714 3208 non
728 3168 744 3209 a
757 3150 932 3224 cogitatione
945 3135 1083 3224 artificis,
1102 3145 1216 3206 sed

155 3229 220 3288 ab
212 3248 275 3308 rpsa
296 3241 358 3291 arte
378 3233 506 3306 rejectis.
532 3231 665 3292 Incidere
687 3242 778 3292 autem
801 3235 929 3292 vivorum
953 3249 1098 3312 corpora,
1126 3236 1186 3292 etas

90 3365 94 3376 s
156 3314 283 3392 crudele,
299 3323 550 3394 etsupervacuum
566 3324 625 3376 est:
647 3326 835 3392 mortuorum,
858 3315 1033 3376 discentibus
1051 3332 1161 3375 neces

142 3400 272 3474 sarium:
298 3418 362 3459 nam
380 3401 503 3478 positum
525 3409 554 3460 et
576 3400 704 3462 ordinem
719 3418 806 3460 nosse
829 3399 949 3469 debeut;
974 3419 1049 3479 quae
1071 3398 1157 3459 cada·

154 3500 226 3543 vora
240 3485 353 3561 melius,
373 3501 455 3561 quam
474 3487 557 3544 vivus
570 3492 599 3545 et
616 3484 782 3544 uulneratus
802 3483 904 3561 homo,
922 3490 1156 3564 repraesentant.
