2372 3892
366 227 436 276 cre.
452 227 498 274 vr.
518 225 591 274 cur.
608 225 656 276 xr.
944 212 1006 281 249

11 391 118 444 racel:
144 382 328 460 inspergique
349 380 447 440 ulcera
465 379 573 441 debent
587 379 709 440 alumine
724 381 845 459 scissili,
868 381 913 442 cui
927 381 1006 442 dimi·

11 469 61 529 dio
82 467 154 546 plus
171 466 268 542 gallae
291 467 456 525 immalurae
471 466 506 525 sil
522 465 674 540 adjectum.
714 465 745 524 Si
755 467 815 540 jann
831 474 942 527 crustas
957 465 1005 526 ha·

12 552 99 626 beni,
126 549 228 628 quales
250 550 278 609 in
302 548 410 608 adustis
434 565 501 608 esse
523 555 714 624 consuerunt,
741 549 920 611 adhibendae
942 559 1007 612 sunl

12 653 66 696 eae
95 633 340 712 compositiones,
363 651 434 710 quas
451 633 556 694 Graeci
570 623 887 711 dcciiupdenominanl.
923 633 1007 694 Junci

15 717 165 797 quadrati,
182 716 334 792 myrrhae,
351 716 562 791 sandarachae,
579 717 724 791 aluminis,
741 735 828 796 pares
842 717 1004 795 portiones:

15 810 61 862 ani
84 803 184 877 croci,
206 797 355 876 myrrhae,
380 801 556 876 singulorum
579 817 606 878 p.
626 800 682 879 )·(.
705 813 741 859 11.
763 799 843 860 iridis
865 819 893 878 p.
909 800 966 878 )·(.
983 813 1005 859 1.

17 883 150 946 aluminis
166 884 305 959 scissilis,
324 882 537 959 sandarachae,
557 883 734 960 singuloruln
751 902 778 962 p.
795 884 850 962 )·(.
867 897 912 944 IV.
926 885 1006 958 Junci
1068 889 1069 894 ’

16 967 148 1047 quadrati
162 986 190 1046 p.
203 968 260 1046 )·(.
270 980 344 1026 vm.
357 977 404 1027 aui
414 967 520 1044 gallae,
533 964 678 1043 myrrhae,
692 967 868 1042 singulorum
881 987 909 1047 p.
919 967 975 1046 )·(.
983 981 1006 1027 1.

17 1052 148 1112 aluminis
164 1052 285 1111 scissilis
307 1070 335 1130 p.
349 1051 405 1129 )·(.
422 1065 459 1110 11.
478 1068 563 1111 rosae
582 1051 715 1110 loliorum
740 1067 768 1130 p.
784 1053 840 1131 )·(.
858 1065 903 1110 [ν.
941 1051 1006 1124 Qui·

9 1133 78 1196 ¹darn
103 1139 200 1194 aulem
216 1135 296 1194 croci
311 1153 339 1213 p.
359 1134 415 1213 )·(.
431 1153 455 1194 n.
472 1135 602 1195 aluminis
617 1135 756 1208 scissilis,
778 1134 927 1211 myrrhae,
951 1136 1006 1194 sin·

17 1219 151 1296 pulcrum
175 1237 205 1296 p.
229 1218 284 1297 )·(.
306 1232 328 1277 1.
348 1218 545 1278 sandarachae
570 1237 597 1297 p.
613 1218 670 1298 )·(.
683 1231 721 1278 11.
734 1219 814 1293 junci
832 1218 961 1296 quadrali
977 1236 1006 1296 p.

17 1303 71 1382 )·(.
90 1315 138 1362 lv.
157 1302 288 1362 miscent.
322 1301 422 1362 Priora
438 1302 515 1362 arida
530 1304 751 1380 insperguntur;
771 1301 828 1362 hoe
843 1319 906 1362 curu
920 1301 1009 1362 melle

19 1386 151 1455 illiniiur;
174 1403 270 1464 neque
284 1385 429 1446 ulceribus
448 1395 573 1462 lautum,
589 1385 641 1446 sed
658 1388 742 1445 eliam
757 1385 891 1445 tonsillis.

52 1518 55 1526 .
75 1468 186 1530 ilerum
201 1488 235 1530 ea
248 1470 335 1546 longe
346 1470 594 1549 ¹periculosissima
605 1468 703 1529 ulcera
716 1478 795 1545 sunl,
813 1485 882 1546 quas
895 1457 1010 1546 ἄφθας·

9 1551 123 1612 illrueci
137 1553 303 1633 appellanl;
322 1553 416 1613 sedin
433 1554 546 1632 pueris:
564 1553 617 1612 hos
634 1553 707 1610 enirn
722 1570 813 1631 saepe
828 1560 1006 1611 consumunt.

21 1633 51 1694 ln
70 1637 139 1695 uiris
166 1647 196 1696 et
210 1636 377 1696 mulieribus
392 1636 467 1696 idern
482 1637 641 1715 periculum
655 1653 712 1695 non
726 1644 780 1695 est.
814 1634 894 1695 llaec
910 1635 1007 1694 ulcera

23 1719 184 1796 agingivis
210 1721 363 1799 incipiuni:
396 1719 498 1779 deinde
522 1719 663 1798 palulum,
694 1728 840 1796 totumque
862 1735 896 1777 os
922 1736 1007 1778 occu·

22 1811 102 1879 puni:
122 1813 181 1863 turn
203 1803 238 1863 ud
255 1811 340 1864 uuam
355 1804 513 1881 lancesque
530 1802 722 1872 descendunl;
746 1801 848 1882 quilius
865 1801 1007 1876 obsessis,

25 1901 76 1943 non
89 1886 175 1946 lacile
193 1887 223 1946 fit
237 1895 267 1946 ui
282 1904 354 1965 puer
370 1888 564 1946 convalescat.
597 1885 641 1945 Ac
657 1885 788 1943 miserius
805 1885 888 1944 etiarn
905 1892 965 1958 esi,
983 1884 1008 1943 si

9 1965 130 2028 ulaeluns
158 1969 253 2032 adhuc
281 1970 373 2030 inians
400 1979 460 2038 esi;
494 1986 551 2046 quo
579 1969 670 2028 urinu‘s
694 1967 828 2046 imperari
852 1967 1008 2027 remedium

27 2049 136 2126 aliquod
152 2061 261 2131 potest.
285 2053 342 2113 Sed
359 2053 498 2131 inprimis
514 2053 608 2110 nulrix
624 2050 755 2126 cogenda
770 2058 815 2109 esi
831 2051 965 2110 exerceri
979 2059 1009 2110 el

25 2133 280 2212 ambulalionibus,
311 2137 399 2196 eliis
427 2135 587 2214 operibus,
619 2151 692 2211 quae
719 2134 885 2211 superiores
911 2143 1009 2212 paries

27 2218 159 2303 morenis
175 2218 313 2280 mittenda
336 2219 364 2278 in
385 2218 535 2295 balneum,
554 2217 741 2295 jubendaque
764 2215 803 2276 ibi
827 2216 919 2278 calida
935 2233 1009 2294 aqna

27 2315 152 2362 mammas
176 2303 370 2382 perfundere:
403 2311 460 2369 ium
481 2302 584 2363 alenda
606 2300 678 2360 cibis
699 2300 827 2376 lenibus,
854 2301 938 2360 eliis
960 2299 1009 2378 qui

9 2391 79 2441 anon
94 2384 179 2446 iacile
194 2395 428 2466 corrumpentem
449 2387 581 2465 potione,
598 2386 624 2444 si
638 2383 783 2444 febricitat
795 2401 885 2462 puer,
901 2400 1010 2462 aquae;

29 2466 127 2528 alsine
147 2470 233 2530 febre
255 2481 316 2544 esi,
339 2472 397 2530 uni
418 2469 517 2530 diluti:
547 2469 592 2532 Ac
615 2469 638 2528 si
660 2464 741 2528 alvus
757 2468 858 2528 nulrici
873 2467 1009 2544 subsunt,

29 2545 149 2612 ducenda
166 2563 226 2616 est:
250 2556 274 2614 si
289 2555 390 2634 pituita
406 2555 433 2613 in
449 2571 482 2613 os
498 2553 561 2629 ejus
578 2553 663 2630 coiit,
679 2568 799 2612 vomere
814 2551 911 2614 deber.
939 2550 1009 2612 'lum

29 2630 84 2708 ipsu
104 2635 203 2698 ulcera
224 2638 414 2716 perungenda
437 2647 502 2698 sunt
522 2637 623 2714 melle,
650 2635 694 2695 cui
712 2635 796 2712 rhus,
820 2654 904 2714 quern
919 2637 1009 2711 syria
1121 2693 1124 2696 .

30 2731 86 2775 cunr
102 2728 222 2795 uocant,
239 2731 286 2780 aul
300 2739 414 2782 amarae
429 2739 520 2782 nuces
529 2720 665 2795 adiectae
681 2722 750 2780 sini:
767 2720 815 2780 vel
829 2721 1011 2780 minuisinier

9 2809 60 2858 use
70 2817 151 2863 rosae
164 2805 243 2864 foliis
256 2805 360 2882 aridis,
376 2805 606 2884 pineisnucleis,
620 2813 734 2864 mentae
747 2805 892 2880 coliculo‚
907 2803 1008 2864 rnelle:

32 2880 73 2940 vel
95 2902 130 2946 eo
152 2888 382 2965 medicamento,
412 2889 489 2967 quod
514 2907 551 2948 ex
576 2890 665 2949 moris
687 2889 731 2957 lst;
763 2905 884 2966 quorum
904 2901 1011 2945 succus
1061 2887 1078 2961 ‘-

34 2965 125 3028 eodem
146 2972 232 3032 ruodo
256 2991 314 3051 quo
336 2973 432 3052 punici
453 2972 536 3048 reali,
558 2973 593 3032 ad
613 2971 708 3032 mellis
725 2970 944 3030 crassitudinem
962 2985 1009 3028 co·

34 3049 134 3129 quitur,
154 3055 313 3136 eademque
328 3057 441 3118 racione
460 3057 487 3115 ei
503 3073 637 3130 crocum,
663 3053 795 3130 myrrha,
818 3053 948 3130 alumen,
968 3052 1009 3110 ui·

33 3145 105 3208 uum,
120 3139 176 3198 mel
191 3141 340 3200 miscetur.
363 3139 466 3218 Neque
481 3139 633 3218 quidquam
648 3137 787 3213 dandum,
806 3154 896 3216 aquo
910 3137 1011 3198 humor

9 3221 140 3280 eseuocari
162 3226 264 3299 possit.
300 3225 330 3284 si
352 3242 424 3283 uero
443 3225 502 3300 J‘am
520 3223 632 3284 lisunior
647 3240 719 3302 puer
739 3231 804 3298 esi,
825 3223 1011 3300 gargarizare

29 3292 111 3360 delen
134 3304 168 3364 iis
191 3307 275 3383 lere,
298 3326 372 3386 quae
394 3325 480 3385 supra
502 3305 712 3384 comprehensa
732 3316 811 3368 suni:
834 3325 869 3366 ac
889 3307 912 3366 si
935 3306 1011 3366 leuia

36 3381 226 3450 medicamenta
252 3393 282 3450 in
303 3409 340 3450 eo
368 3409 467 3470 parurn
495 3392 665 3470 proliciunt,
695 3389 854 3451 adhibenda
877 3398 941 3449 sunl
965 3405 1009 3464 ea,

37 3473 101 3538 uuae
115 3469 260 3539 adurendo
276 3483 389 3540 crustas
404 3474 550 3538 ulceribus
564 3473 713 3552 inducant,
731 3474 817 3548 quale
834 3483 879 3536 est
896 3470 1010 3536 scissile
