2392 3906
134 209 174 272 tc
429 224 461 272 s.
477 222 507 271 c.
523 222 621 271 saner
637 221 848 270 armeman—

133 382 240 456 impetu
256 387 351 438 tamen
364 377 488 437 doloris:
512 387 542 437 et
555 375 710 438 membrum
725 375 842 455 aliquod
858 376 1015 435 resolutum
1038 376 1131 453 ipsius

132 463 268 522 frictione
284 463 475 522 confirmatur.
507 461 607 538 Longe
622 471 715 521 tamen
731 462 848 539 saepius
872 461 947 520 aliud
968 459 1130 538 perfrican-

133 547 198 606 dnm
215 556 268 622 est,
283 563 368 624 quum
383 545 458 606 aliud
476 546 571 613 dolet;
594 549 774 623 maximeque
790 563 873 624 quum
893 562 908 602 a
928 545 1059 618 summis,
1084 552 1133 602 aut

133 649 149 691 a
167 630 268 690 mediis
285 629 414 708 partibus
429 630 562 708 corporis
580 645 706 690 evocare
720 630 867 689 materiam
883 628 1031 694 volumus;
1048 627 1132 687 ideo·
1194 697 1195 704 ἵ

133 732 189 793 que
206 723 348 774 extremas
364 723 462 792 partes
479 713 676 792 perfricamus.
710 712 813 791 Neque
829 712 961 772 audiendi
978 720 1057 787 sunt,
1083 713 1155 789 quis

52 835 58 846 ι
132 816 250 858 numero
267 799 380 874 finiunt,
403 799 516 875 quoties
533 796 637 874 aliquis
658 796 858 876 perfricandus
874 798 920 856 sit.
953 795 986 855 Id
999 797 1075 854 enim
1097 813 1133 854 ex

100 886 103 894 '
132 883 241 944 viribus
264 882 386 942 bominis
406 880 598 958 colligendum
620 890 679 941 est:
707 890 735 941 et
766 883 789 940 si
817 882 840 940 is
871 881 1052 958 perinfirmus
1075 889 1132 954 est,

132 976 231 1046 potest
246 968 315 1026 satis
332 984 399 1024 esse
414 966 620 1043 quinquagies;
637 966 660 1025 si
676 965 833 1041 robustior,
853 973 950 1042 potest
964 963 1131 1030 ducenties;

131 1053 208 1110 inter
226 1059 376 1126 utrumque
396 1048 513 1125 deinde,
537 1059 622 1127 prout
643 1051 720 1110 rires
742 1057 816 1108 sunt.
847 1049 911 1123 Quo
931 1049 974 1124 lit,
996 1056 1026 1106 ut
1044 1049 1131 1106 etiam

131 1137 223 1194 minus
239 1151 329 1210 saepe
345 1135 373 1191 in
390 1132 519 1210 muliere,
537 1151 620 1210 quam
635 1137 662 1192 in
677 1136 755 1201 vir0;
772 1133 862 1192 minus
877 1150 967 1211 saepe
982 1132 1010 1190 in
1025 1148 1131 1211 puero,
1142 1143 1162 1182 ¹⁰

133 1217 181 1276 vel
196 1235 274 1292 sene,
292 1233 374 1293 quarn
391 1218 419 1274 in
429 1217 554 1293 juvene,
569 1235 667 1277 manus
684 1217 872 1276 dimovendae
891 1219 955 1274 sint.
987 1215 1132 1294 Denique,

132 1303 157 1360 si
174 1309 253 1360 certa
269 1299 395 1358 membra
411 1300 613 1377 perfricantur‚
631 1302 717 1360 multa
732 1301 898 1377 valentique
909 1300 1044 1359 frictione
1057 1317 1133 1378 opus

134 1393 192 1452 est;
209 1401 272 1442 nant
283 1400 378 1460 neque
393 1393 481 1443 totum
497 1403 603 1463 corpus
614 1386 747 1444 infirmari
760 1387 818 1444 cito
832 1379 885 1462 per
896 1393 1007 1462 partem
1021 1392 1132 1465 potest,

133 1477 256 1545 etopus
280 1475 325 1525 est
342 1484 426 1544 quam
448 1468 597 1549 plurimum
614 1470 750 1528 materiae
766 1468 876 1544 digeri,
902 1469 965 1526 sive
987 1467 1015 1540 id
1037 1469 1132 1546 ipsum

131 1550 298 1626 membrum,
315 1553 377 1610 sive
393 1551 489 1629 perid
506 1551 581 1611 aliud
597 1553 734 1612 levamus.
767 1552 806 1610 At
825 1552 873 1610 ubi
891 1551 979 1610 totius
995 1551 1131 1630 corporis
1142 1565 1160 1606 rs

132 1634 315 1696 imbecillitas
328 1633 403 1695 hanc
414 1637 589 1696 curationem
604 1655 657 1715 per
668 1645 757 1697 totum
771 1635 799 1695 id
812 1638 912 1712 exigit,
930 1634 1048 1695 brevior
1063 1653 1133 1695 esse

132 1718 219 1779 debet
234 1728 262 1778 et
277 1718 384 1787 lenior;
401 1728 431 1778 ut
445 1721 638 1781 tantummodo
655 1737 790 1780 summam
806 1729 899 1778 cutem
915 1719 1056 1796 emolliat,
1073 1737 1132 1797 quo

131 1801 246 1863 facilius
263 1819 355 1879 capax
370 1820 408 1860 ex
422 1805 534 1863 recenti
556 1805 622 1864 cibo
641 1821 735 1863 novae
753 1805 891 1864 materiae
907 1805 964 1863 liat.
997 1802 1029 1861 ln
1048 1802 1133 1863 malis

129 1887 189 1961 Jam
206 1903 324 1962 aegrum
340 1903 423 1962 esse,
439 1885 487 1944 ubi
501 1889 631 1947 exterior
646 1906 713 1966 pars
731 1889 865 1965 corporis
880 1888 986 1964 friget,
1010 1887 1133 1946 interior

132 1987 196 2028 cum
214 1971 259 2028 siti
282 1968 374 2045 calet,
397 1987 483 2048 supra
505 1974 588 2048 posui
611 1971 666 2050 (of.
683 1969 766 2049 Aple:
780 1971 831 2045 IV,
849 1971 905 2039 48;
927 1968 1160 2048 Coac.113).u

133 2052 192 2112 Sed
207 2061 274 2112 tunc
290 2069 405 2132 quoque
422 2055 534 2113 unicum
548 2057 576 2114 fn
592 2056 728 2116 frictione
742 2055 917 2133 praesidinm
933 2063 990 2122 est;
1015 2072 1092 2132 quae
1110 2057 1132 2113 si

134 2135 261 2196 calorem
283 2139 311 2196 in
335 2148 429 2198 cutem
451 2142 601 2218 evocarit,
624 2149 721 2219 potest
743 2139 829 2200 alicui
851 2137 1012 2198 medicinae
1035 2139 1132 2198 locum

132 2220 240 2280 facore.

483 2459 667 2520 CAPUT
699 2459 778 2518 XV.

527 2577 564 2625 De
580 2577 730 2640 gestatione.
1138 2594 1158 2632 25

196 2721 323 2782 Gestatio
337 2741 452 2802 quoque
469 2722 566 2799 longis
582 2725 680 2799 etjam
695 2727 838 2788 inclinatis
854 2729 963 2795 morbis
981 2730 1130 2806 aptissima

133 2815 192 2866 est:
214 2805 349 2898 utilisque
371 2817 415 2866 est
437 2815 466 2866 et
486 2808 520 2864 iis
539 2808 727 2885 corporibus,
754 2814 898 2890 quaejam
914 2831 952 2872 ex
966 2821 1028 2872 toto
1045 2814 1130 2873 febre

58 2889 67 2901 “
133 2897 240 2965 carent,
258 2889 310 2949 sed
326 2891 418 2950 adhuc
434 2891 565 2950 exerceri
580 2909 634 2969 per
652 2911 684 2952 se
699 2911 756 2954 non
773 2906 906 2974 possunt;
924 2905 953 2955 et
969 2897 1013 2972 iis,
1027 2899 1129 2975 quibus

132 2973 228 3032 lentae
242 2973 406 3034 morborum
423 2973 563 3052 reliquiae
578 2987 740 3054 remanent,
761 2997 855 3056 neque
878 2981 961 3039 aliter
977 2979 1128 3044 eliduntur.

132 3056 324 3135 Asclepiades
351 3061 437 3118 etiam
457 3059 485 3116 in
510 3061 621 3118 recenti
644 3061 881 3140 vehementique,
911 3066 1157 3144 praecipueque³⁰

133 3139 251 3198 ardente
270 3141 369 3218 febre,
398 3142 433 3202 ad
455 3142 660 3203 discutiendam
681 3163 757 3222 eam,
781 3148 945 3222 gestatione
963 3147 1033 3206 dixit
1049 3159 1127 3208 uten-

133 3224 212 3282 dum:
236 3224 287 3283 sed
303 3225 331 3284 id
348 3225 515 3304 periculose
531 3227 575 3294 fin
597 3229 756 3307 meliusque
773 3233 869 3306 quiete
884 3230 1023 3305 ejusmodi
1039 3233 1128 3310 impe-

131 3315 177 3367 tus
193 3309 355 3369 sustinetur.
388 3311 419 3368 Si
437 3311 500 3388 quis
516 3318 609 3369 tamen
627 3313 754 3390 experiri
776 3313 870 3388 volet,
894 3315 936 3371 sic
951 3319 1130 3394 experiatur,

132 3391 156 3450 si
170 3391 268 3468 lingua
283 3410 341 3451 non
356 3397 410 3452 erit
425 3411 538 3472 aspera,
555 3396 579 3454 si
596 3396 689 3455 nullus
706 3406 809 3470 tumor,
826 3397 902 3456 nulla
917 3396 1052 3475 durities,
1071 3398 1130 3459 nul·

132 3475 177 3534 lus
198 3475 282 3536 dolor
299 3477 476 3553 visceribus,
492 3486 539 3536 aut
555 3481 658 3557 capiti,
676 3487 722 3538 aut
739 3480 920 3558 praecordiis
936 3483 1055 3542 suberit.
1095 3481 1132 3543 Et
1140 3493 1160 3536 ³⁵
