2444 3904
409 215 744 266 nro.1.enocnn1nu.
1035 208 1069 266 11
1155 291 1158 302 Ι

72 369 214 428 dicinalis
226 387 273 429 ars
284 371 388 448 recipit
400 367 500 446 (etti,
514 370 568 436 10:
581 368 631 446 lll,
645 372 691 449 4),
704 371 778 430 idem
790 381 863 450 suut,
876 373 953 452 qnod
963 373 992 449 ii,
1001 389 1073 450 quos

73 454 280 530 experimenta
292 453 354 513 sole
369 455 522 512 sustinent:
544 471 580 513 eo
592 456 701 531 magis,
713 457 855 532 qnoniam,
868 457 1073 536 compresserit

73 536 205 613 aliquem
214 536 341 614 morbus,
355 555 390 596 au
398 535 510 612 fuderit,
520 537 638 614 quilibet
649 539 733 598 etiam
745 539 971 617 imperitissimus
979 541 1071 600 ridet:

73 619 145 697 quid
162 629 259 679 autem
275 637 472 697 compressum
486 637 592 698 corpus
603 623 742 698 resolvat,
755 623 821 699 quid
833 623 955 683 solutum
965 631 1071 696 teneat,

50 706 98 762 ssi
114 704 260 763 aratione
276 713 396 764 tractum
414 711 468 779 est,
483 705 630 765 rationalis
642 715 686 766 est
696 706 837 774 medicus:
855 707 890 782 si,
902 716 932 766 ut
942 709 968 766 ei
980 709 1026 784 qui
1038 724 1071 764 sc

70 787 249 846 rationalem
268 796 370 864 negat,
388 789 517 846 confiteri
531 806 654 848 necesse
668 800 727 865 est,
748 789 783 850 ab
798 791 998 870 experientia,
1014 807 1071 848 em-

70 873 197 948 piricus.
231 870 273 930 Ita
287 871 361 949 apud
377 889 440 930 eum
456 871 548 931 morbi
564 875 691 949 cognitio
712 882 792 933 extra
808 883 913 949 artem,
932 873 1070 932 medicina

70 954 150 1012 iutra
166 971 248 1013 usum
263 964 316 1013 est.
349 954 449 1032 Neque
465 953 606 1030 adjectum
624 957 774 1036 quidquam
789 959 988 1036 empiricorum
1005 971 1070 1034 pro-

72 1038 208 1113 fessioni,
227 1037 278 1097 sed
294 1037 415 1098 demtum
434 1047 493 1107 est;
514 1041 647 1116 qnoniam
668 1041 708 1100 illi
723 1041 809 1101 multa
832 1041 1070 1118 circumspiciunt,

40 1119 109 1180 colii
127 1129 232 1181 tanturn
246 1121 395 1198 facillima,
419 1132 448 1182 et
464 1141 521 1182 non
544 1123 624 1201 plus,
643 1141 725 1201 quam
747 1125 892 1201 vulgaria:
916 1142 980 1184 nam
996 1131 1024 1182 et
1040 1123 1070 1198 ii,

77 1205 129 1282 qni
143 1205 299 1282 pecoribus
315 1223 349 1266 ac
364 1207 495 1265 iumentis
515 1206 679 1283 medentur,
697 1226 780 1288 quum
798 1210 915 1286 propria
931 1208 1070 1284 cuiusque

74 1291 115 1346 ex
129 1291 215 1348 mutis
233 1288 400 1350 animalibus
415 1307 503 1349 nosse
519 1307 575 1350 uon
597 1293 721 1368 possint,
745 1292 938 1374 communibus
953 1299 1069 1350 tantum·

71 1371 161 1431 modo
179 1374 324 1441 insistunt;
341 1382 370 1432 et
390 1383 508 1433 exterae
522 1383 643 1452 gentes,
660 1393 744 1453 quum
762 1375 894 1435 subtilem
912 1374 1070 1434 medicinae

70 1456 219 1516 rationem
234 1474 290 1517 non
306 1459 448 1535 noverint,
465 1461 623 1518 communia
644 1468 750 1519 tanturn
767 1458 879 1527 vident3
902 1470 931 1518 et
951 1459 999 1536 qui
1012 1475 1069 1516 am·

14 1555 18 1567 ·
39 1558 64 1598 ιι
73 1539 122 1618 pla
139 1540 348 1601 valetudinaria
362 1543 504 1616 nutriunt,
523 1544 586 1619 quia
607 1542 727 1619 singulis
749 1560 855 1602 summa
878 1561 946 1602 cura
968 1558 1069 1600 consu·

73 1623 136 1682 lere
152 1641 213 1683 non
226 1625 373 1701 sustinent,
389 1624 425 1683 ad
442 1626 599 1684 communia
612 1628 666 1686 ista
679 1627 855 1703 confugiunt.
878 1626 990 1703 Neque,
1004 1624 1068 1682 ber-

71 1706 172 1782 cules,
192 1707 267 1767 istud
287 1709 392 1786 antiqui
412 1707 514 1768 medici
535 1711 716 1786 nescierunt,
738 1710 789 1770 scd
804 1709 848 1770 bis
865 1709 991 1770 contenti
1012 1724 1070 1766 non

68 1790 198 1849 fuerunt.
222 1791 303 1867 Ergo
316 1795 398 1851 etiam
411 1794 617 1852 vetustissimus
636 1803 736 1854 auctor
747 1793 939 1872 Hippocrates
957 1789 1067 1871 (Epic.

68 1874 94 1950 1,
107 1883 185 1933 sect.
201 1875 231 1950 3,
247 1875 268 1950 ᾗ
286 1875 340 1952 10)
356 1876 439 1952 dixit,
455 1876 562 1936 mederi
581 1886 718 1956 oportere
739 1886 767 1938 et
783 1877 939 1937 communia
954 1884 984 1934 et
1002 1891 1068 1953 pro·

35 1969 61 2010 co
72 1958 135 2036 pria
147 1959 314 2018 intuentem.
327 1959 372 2019 Ac
382 1977 418 2017 ne
430 1961 476 2020 isti
490 1960 602 2038 quidem
614 1963 669 2039 ipsi
682 1963 754 2022 intra
767 1979 845 2020 suam
858 1960 1068 2039 professionem

69 2043 237 2102 consistere
254 2041 412 2104 ullomodo
429 2053 561 2121 possunt:
585 2044 723 2122 siquidem
741 2053 771 2104 et
792 2061 1022 2122 compressorum
1039 2050 1069 2100 et

69 2125 219 2186 fluentium
235 2124 397 2186 morborum
413 2145 522 2203 genera
540 2128 653 2188 diversa
668 2137 745 2197 sunt;
762 2127 932 2205 faciliusque
943 2127 972 2185 id
982 2127 1010 2184 in
1022 2127 1067 2200 iis,

70 2227 146 2288 quae
162 2209 262 2285 fluunt,
277 2212 378 2289 inspici
396 2218 502 2288 potest.
531 2209 618 2270 Aliud
638 2221 682 2270 est
696 2215 770 2270 enirn
786 2213 969 2287 sanguinem,
992 2206 1067 2268 aliud

70 2292 171 2369 bilem,
189 2292 265 2354 aliud
280 2293 371 2352 cibum
389 2310 521 2362 vomere;
542 2293 618 2353 eliud
631 2293 863 2370 deiectionibus,
874 2292 949 2352 aliud
971 2292 1065 2351 tormi-

39 2374 160 2434 csnibus
173 2376 323 2446 laborare;
340 2377 416 2437 aliud
431 2376 536 2437 sudore
555 2377 657 2454 digeri,
678 2377 753 2437 aliud
771 2377 837 2437 tabe
849 2376 986 2436 consumi.
1015 2374 1065 2433 At·

76 2461 174 2536 quein
189 2469 289 2538 partes
304 2479 420 2539 qnoque
435 2461 536 2521 bumor
550 2462 681 2540 erumpit,
698 2472 728 2521 ut
739 2463 768 2520 in
779 2461 892 2535 oculos,
909 2476 1064 2536 auresque:

72 2561 130 2621 quo
149 2544 283 2622 periculo
299 2545 405 2604 nullum
422 2545 571 2605 humanum
583 2545 740 2605 ,membrum
757 2555 849 2605 vacat.
881 2543 957 2604 Nihil
973 2551 1066 2602 autem

69 2626 174 2686 borum
190 2629 250 2704 sic,
274 2637 303 2688 ut
319 2628 408 2702 eliud,
432 2638 555 2689 curatur.
584 2630 626 2689 lta
642 2633 770 2708 protinus
792 2631 820 2689 in
835 2629 878 2688 bis
894 2647 909 2689 a
925 2628 1065 2688 communi

69 2710 188 2770 fluentis
202 2711 295 2771 morbi
312 2713 555 2792 contemplatione
570 2713 612 2793 *ad
625 2715 771 2792 propriam
792 2713 932 2772 medicina
945 2710 1064 2770 descen·

36 2809 60 2850 ec
69 2794 119 2854 dit.
144 2795 244 2872 Atque
256 2799 285 2854 in
299 2795 353 2856 bec
365 2813 480 2874 quoque
491 2815 589 2856 rursus
601 2798 656 2857 alia
669 2798 852 2876 proprietatis
864 2797 962 2855 notitia
975 2811 1065 2870 saepe

67 2880 240 2938 necessarie
256 2887 315 2948 est;
335 2883 399 2957 quie
415 2897 471 2938 non
487 2880 586 2940 eedem
603 2881 749 2957 omnibus,
771 2877 855 2940 etiam
876 2882 904 2938 in
927 2876 1065 2938 similibus

68 2961 200 3038 casibus,
218 2962 406 3041 opitulantur:
424 2965 562 3041 siquidem
579 2972 677 3024 certae
692 2965 829 3043 quaedam
841 2981 889 3022 res
902 2970 975 3036 sunt,
991 2978 1065 3037 quae

66 3048 95 3105 in
113 3045 248 3124 pluribus
268 3055 396 3106 ventrem
412 3056 459 3106 aut
475 3047 664 3124 adstringunt,
681 3058 728 3110 aut
739 3048 901 3115 resolvunt;
917 3047 1064 3105 inveniun-

66 3139 112 3188 tur
128 3139 238 3206 tamen,
252 3130 280 3188 in
295 3131 397 3208 quibus
414 3131 511 3207 aliter,
531 3141 616 3209 atquc
638 3135 667 3191 in
688 3134 813 3207 ceteris,
834 3130 863 3189 id
879 3130 1001 3190 eveniat.
1032 3127 1065 3186 ln

35 3213 111 3273 celiis
128 3231 205 3290 ergo
223 3216 409 3274 communium
424 3216 566 3292 inspectio
582 3218 724 3275 contraria
738 3224 793 3289 est,
807 3216 989 3294 propriorum
1004 3221 1064 3272 tarr·

67 3306 125 3356 tum
142 3297 288 3356 saluteris.
324 3298 362 3358 Et
381 3315 486 3359 causae
507 3316 623 3377 quoque
644 3300 802 3359 aestimatio
824 3317 914 3376 saepe
936 3296 1065 3355 morbum

68 3381 169 3439 solvit.
203 3381 285 3457 Ergo
304 3384 390 3441 etiam
411 3383 659 3458 ingeniosissimus
687 3382 795 3442 saeculi
813 3383 903 3443 nostri
928 3380 1063 3453 medicus,

72 3481 157 3540 quem
173 3483 268 3542 nuper
283 3465 412 3541 vidimus,
429 3465 556 3542 Cassius,
576 3464 748 3526 febricitanti
770 3466 894 3541 cuidam,
915 3474 943 3523 et
962 3479 1064 3537 magna
