2444 3904
498 207 704 262 sosarmo.
1073 211 1123 293 VII

95 361 257 424 tenendum
282 381 345 424 esse
365 363 478 434 censui,
504 371 695 442 praeceptum
722 363 787 428 dico
813 365 891 446 quod
913 367 1028 430 codices
1052 384 1120 430 mss.

93 463 198 524 presso
223 446 299 522 pede
322 448 404 526 sequi
433 447 530 526 jubet;
568 466 729 527 numquam
751 467 768 509 a
790 450 937 513 codicibus
964 452 1038 514 Med.
1060 451 1074 512 1
1095 457 1123 512 ct
1185 483 1189 490 ·

92 529 156 590 Vat.
168 529 233 590 VIII
254 530 373 592 discessi
392 533 448 592 nisi
470 532 520 592 ubi
537 532 688 592 insanabili
706 531 879 593 laborabant
895 533 1008 604 uicere:
1031 551 1122 614 quan·

94 619 158 672 tum
182 615 278 692 potui,
306 612 408 674 sedulo
432 614 556 676 abstinui
583 633 599 675 a
634 615 822 695 conjecturis;
859 617 952 678 ubivis
974 625 1124 696 suspectas

94 696 186 756 babui
216 698 432 758 emendationes
458 699 604 767 Lindenii,
635 700 876 777 quotiescumque
897 700 1000 762 saltem
1022 719 1123 762 earum

94 781 296 841 necessitatem
315 798 375 842 uon
392 782 536 859 probabat
549 780 594 842 rei
608 800 725 852 rerum,
744 781 789 844 vei
802 782 976 852 verborum,
996 784 1041 844 vel
1056 801 1121 861 syn·

92 870 195 923 taxeos
213 866 297 924 ratio.
341 865 476 926 Ceterum
496 866 573 926 intra
595 866 634 944 (in
653 868 760 927 Adnot.
780 865 897 946 critico)
921 866 1058 945 subjunxi
1079 868 1122 925 in·

93 947 190 1007 dicem
217 949 348 1008 omnium
373 947 521 1019 locorum,
555 948 660 1026 quibus
688 949 794 1027 aliquid
826 951 855 1009 in
883 957 1019 1010 contextu
1045 966 1121 1034 anno
1160 955 1186 1034 Ἰ

82 1030 177 1090 ,1810
204 1049 221 1090 a
248 1031 343 1109 Targa
375 1033 452 1093 edito
480 1034 641 1101 immutari,
675 1033 778 1093 additis
807 1035 986 1108 argumentis
1016 1031 1122 1110 quibus

93 1119 246 1190 permotus
270 1115 311 1175 ita
337 1133 425 1192 agere
447 1116 636 1177 decreverIm.
681 1117 838 1177 Praeterea
858 1115 970 1177 duabus
992 1115 1123 1194 inprimis

94 1196 131 1256 de
155 1197 245 1257 rebus
270 1197 394 1270 lectores
416 1201 541 1260 monitos
563 1201 627 1260 e‘sse
647 1198 728 1260 volo:
759 1199 855 1278 primo
878 1200 1034 1278 praecipue
1057 1198 1122 1258 loco

93 1297 214 1358 operam
235 1281 303 1343 dedi
324 1289 356 1342 ut
381 1282 560 1361 aliquatenus
579 1281 681 1344 saltem
700 1300 816 1361 semper
837 1283 940 1344 iisdem
960 1282 1051 1342 literis
1073 1299 1121 1341 ex·

92 1371 247 1424 ararentur
265 1367 366 1427 eadem
381 1367 536 1435 vocabula,
559 1384 619 1426 non
639 1365 734 1428 solum
755 1367 833 1444 quod
855 1366 999 1426 advoces
1021 1368 1123 1426 attinet

60 1440 65 1456 ‘
92 1455 314 1527 quarumrecta
328 1453 470 1528 scriptura
486 1470 502 1512 e
515 1446 663 1511 codicibus
677 1450 802 1526 petenda
817 1449 1052 1530 erat-(ciAdnot.
1062 1451 1122 1510 cri-

92 1533 207 1610 ticam),
225 1534 278 1593 sed
295 1536 380 1595 etiam
395 1534 447 1595 ubi
463 1535 556 1614 major
576 1534 648 1594 tides
663 1533 796 1596 habenda
812 1539 855 1594 est
868 1535 1032 1610 praeceptis
1046 1549 1120 1609 quae

93 1614 242 1676 observari
253 1617 357 1695 jubent
370 1619 424 1679 viri
443 1616 558 1695 liuguae
571 1617 677 1678 latinae
690 1618 871 1694 peritissimi,
887 1617 923 1676 dc
937 1634 995 1694 qua
1009 1633 1041 1676 re
1056 1614 1120 1676 nul·

90 1696 150 1758 lam
163 1701 340 1762 mentionem
351 1719 415 1762 esse
433 1701 595 1762 taciendam
611 1703 640 1760 in
658 1703 764 1762 Adnot.
777 1705 844 1762 crit.
863 1702 971 1761 censui.
997 1699 1119 1759 Verum-

91 1788 205 1851 tamen,
222 1785 334 1853 etiamsi
348 1785 448 1846 sedulo
465 1786 501 1846 ad
516 1786 591 1845 hanc
605 1802 669 1846 rem
683 1787 813 1845 animum
826 1783 1008 1850 attenderim,
1024 1797 1120 1858 neque

91 1866 249 1926 admodum
265 1869 411 1944 prolixum
426 1870 462 1928 sit
476 1869 550 1930 Gabi
566 1868 716 1938 volumen,
733 1869 828 1929 denuo
843 1865 996 1928 schedulas
1010 1884 1025 1924 a
1037 1865 1119 1943 prelo

91 1950 221 2010 madidas
238 1951 371 2029 relegens
386 1953 474 2013 incidi
493 1954 522 2014 in
538 1951 694 2013 anomaliae
709 1950 863 2012 nonnullas
881 1949 936 2029 (ex.
948 1966 992 2026 gr.
1010 1948 1119 2026 ubique

90 2031 170 2110 legas
183 2039 288 2113 ceteri,
304 2053 364 2096 non
377 2040 504 2108 caeteri,·
525 2041 679 2110 circuitus,
695 2052 754 2096 non
767 2037 952 2103 circeredus·
978 2035 1119 2108 demptus,

92 2134 151 2177 non
161 2119 291 2188 demtus·
308 2128 471 2197 promptos,
488 2137 547 2180 non
561 2129 709 2196 promtus·
731 2125 966 2196 exemptoqnon
980 2125 1119 2187 exemtus,

93 2206 163 2268 cet:
182 2205 351 2280 ceteroquin
362 2204 398 2265 de
408 2203 557 2264 anomabis
569 2201 749 2280 gravioribus
756 2202 860 2262 videsis
866 2202 970 2260 Adnot.
978 2200 1053 2277 ortt.)
1062 2200 1120 2259 huc

92 2285 284 2360 pertinentes
302 2305 387 2365 quas,
401 2288 462 2349 beo
477 2285 635 2354 adnuente,
651 2285 796 2360 posterius
809 2283 912 2342 tollere
926 2283 998 2340 mibi
1011 2281 1116 2340 licebit.

177 2368 262 2429 Arcto
285 2371 399 2431 uacuo
423 2388 491 2431 cum
517 2375 598 2429 recta
623 2365 833 2426 vocabulorum
859 2363 1015 2424 latinorum
1047 2365 1118 2423 sori·

93 2453 181 2526 ptura
201 2452 336 2512 cohaeret
351 2455 480 2532 quaestio
495 2470 569 2531 quae
588 2457 699 2529 spectat
720 2452 862 2509 rationem
881 2445 1119 2528 repraesentandi

92 2549 206 2610 graeca.
246 2535 309 2605 Qua
325 2539 354 2596 in
371 2555 404 2598 re
423 2537 582 2597 notandum
601 2541 644 2596 est
659 2540 816 2611 utrumque
836 2531 965 2592 codicem
980 2532 1118 2609 antiquis·

91 2617 198 2678 simum
223 2613 467 2681 exbibere'roces
492 2637 612 2698 graecas
639 2617 755 2679 easdem
777 2615 864 2676 modo
890 2616 1001 2692 graecis
1028 2614 1118 2674 literis

91 2707 238 2771 exaratae,
258 2703 345 2763 modo
360 2703 469 2773 latinis,
493 2705 516 2764 si
536 2704 648 2781 Targae
661 2700 733 2762 fides
749 2699 883 2761 habenda
898 2705 955 2764 est:
981 2699 1058 2759 unde
1072 2697 1118 2757 vix

90 2783 154 2843 tieri
180 2793 333 2862 potestat
359 2788 490 2864 regulam
515 2793 623 2847 statuas
646 2787 791 2862 adquam
819 2800 920 2843 omnes
946 2782 1118 2866 dirigantur.

89 2866 184 2929 Voces
206 2885 326 2944 graecas
347 2871 410 2932 sere
432 2888 548 2947 semper
568 2870 619 2930 ubi
642 2869 754 2946 graecis
773 2866 863 2927 literis
885 2865 962 2941 apud
981 2865 1116 2938 Targam,

90 2952 140 3027 qui
157 2953 221 3030 ipse
237 2953 410 3015 Lindenium
427 2961 544 3016 secutus
562 2959 619 3021 est,
641 2957 773 3012 exaratae
790 2957 888 3020 erant,
907 2948 1010 3008 eodem
1031 2944 1117 3004 modo

88 3035 117 3093 in
142 3041 310 3097 contextum
332 3054 428 3098 meum
450 3037 633 3114 transcripsi,
660 3033 706 3094 rel
724 3033 818 3111 Targa
843 3033 917 3092 duce
942 3029 1117 3096 emendatas,

89 3117 134 3178 rel
156 3137 173 3178 a
195 3137 244 3180 me
270 3123 334 3198 ipso
360 3123 395 3181 ad
422 3121 536 3197 liuguae
560 3136 683 3198 graecae
710 3116 789 3194 leges
818 3121 940 3176 exactas.
985 3114 1119 3173 Attamen

88 3208 158 3261 sunt
179 3203 322 3279 quaedam
344 3203 483 3265 vocabula
504 3222 609 3282 graeca
630 3203 702 3262 adeo
719 3200 886 3278 frequenter
906 3200 937 3258 in
957 3197 1040 3257 libris
1055 3193 1118 3254 Cel·

89 3285 179 3346 sienis
202 3285 298 3356 obvia,
329 3305 420 3368 eaque
438 3288 555 3348 latinam
577 3285 722 3346 scribendi
745 3286 887 3343 rationem
908 3282 1047 3340 imitantia
1069 3277 1115 3356 (ci.

89 3385 137 3428 ex.
160 3385 205 3447 gr.
226 3386 277 3449 pp.
300 3372 368 3439 171,
390 3369 445 3441 27;
476 3371 544 3440 192,
566 3369 621 3438 21;
647 3368 715 3437 194,
732 3366 781 3435 28,
799 3365 854 3434 29;
878 3363 946 3433 195,
969 3365 1023 3431 26;
1048 3360 1115 3426 199,

3 3523 5 3532 ,
93 3452 148 3522 15;
177 3453 250 3524 209,
273 3453 329 3524 25;
357 3454 429 3524 211,
456 3453 503 3524 12,
529 3451 580 3521 18;
609 3452 680 3522 217,
705 3452 751 3520 14,
775 3449 824 3521 22,
848 3449 897 3522 23,
920 3449 969 3518 24,
994 3445 1043 3514 25,
1067 3439 1117 3511 26,
