2372 3892
149 177 211 243 282
443 191 477 239 a,
494 189 523 238 c.
539 189 637 237 11111
652 187 845 237 usercense

151 345 341 422 succurritur,
364 343 466 425 quibus
489 345 588 423 pituita
610 345 751 424 utrimque
772 341 940 402 deseendit:
966 341 1037 418 quia
1058 341 1144 400 lerata

150 431 241 491 altera
259 438 357 508 parte,
389 428 569 488 nihilominus
594 428 696 504 altera,
713 427 837 486 infestat.
874 425 953 500 Quid
977 426 1015 484 sit
1048 434 1143 498 autern,

152 514 331 576 lucratione
349 515 544 590 cognoscitur.
569 512 649 572 Raso
665 512 760 590 capite
778 529 813 570 ea
834 511 1071 584 medicamenta,
1093 511 1143 586 qui-

151 599 205 659 bus
221 599 248 657 in
264 597 433 676 lippitudine
450 597 548 675 pituita
565 595 762 674 suspenditur,
783 592 987 672 asaperciliis
1005 591 1143 670 usquead

151 684 290 742 verticem
305 680 375 740 illini
393 680 516 739 debent:
540 680 564 738 si
579 681 650 738 sicci
673 678 749 739 oculi
766 695 832 737 esse
855 684 1041 755 coeperunt,
1066 694 1156 754 appar

151 776 197 827 ret
214 783 267 846 per
282 783 333 824 111
347 781 455 840 11111,
488 781 562 841 quae
583 763 636 822 sub
654 771 719 822 cute
742 770 820 837 sunt,
847 762 981 836 irrigari:
1014 761 1043 819 si
1065 759 1142 818 nihilo

152 852 245 910 miuus
264 849 392 925 madent,
414 846 592 907 manifestum
608 855 654 906 est
674 844 726 904 sub
749 863 817 905 osse
832 843 1040 905 descendere:
1065 845 1089 902 si
1109 851 1143 902 est

150 934 268 1010 humor,
288 930 339 992 sed
356 932 470 1008 levior,
487 930 595 1009 duplex
606 932 703 989 vitium
719 938 773 989 est.
802 929 918 1007 Plurimi
935 935 1040 986 tamen
1060 946 1098 986 ex
1111 927 1142 986 la·

152 1016 320 1077 borantibus
342 1018 540 1093 reperiuntur,
566 1031 639 1092 quos
662 1014 830 1092 superiores
850 1029 943 1072 venae
973 1019 1142 1075 exerceant:

151 1102 276 1178 ideoque
292 1099 420 1176 pluribus
441 1099 525 1158 etiam
544 1097 678 1176 opitulari
695 1098 773 1157 licet.
799 1096 889 1175 ldque
904 1113 965 1154 nou
981 1097 1012 1154 in
1030 1095 1161 1155 Graeciae

152 1181 356 1255 tantummodo,
379 1181 430 1240 sed
448 1184 476 1241 iu
492 1181 556 1242 aliis
572 1199 687 1260 quoque
705 1181 840 1258 gentibus
856 1179 978 1240 celebre
995 1187 1062 1238 est:
1083 1179 1144 1238 adeo

153 1275 184 1325 ut
199 1265 276 1324 nulla
291 1265 450 1329 medicinae
467 1283 536 1345 pars
550 1267 643 1344 magis
655 1283 709 1344 per
723 1267 854 1325 nationes
866 1281 1001 1343 quasque
1016 1263 1144 1340 exposita

152 1351 190 1410 sit
207 1349 253 1427 (P.
269 1347 344 1424 Aeg.
362 1348 412 1422 vt,
431 1349 467 1427 6)
511 1350 632 1428 Reperti
647 1351 674 1408 in
690 1348 814 1409 Graecia
829 1357 904 1420 sunt,
924 1349 975 1425 qni
998 1363 1105 1405 novem
1119 1346 1144 1404 li·

151 1435 215 1494 neis
231 1441 325 1492 eutem
341 1433 442 1511 capitis
458 1433 632 1493 inciderent:
650 1433 759 1492 duabus
775 1436 803 1492 in
819 1433 958 1509 occipitio
976 1431 1085 1506 rectis,
1100 1447 1143 1488 una

152 1533 306 1596 superaus
327 1525 511 1577 mensversa:
542 1517 607 1577 dein
629 1517 738 1577 duabus
759 1534 848 1594 super
869 1533 972 1588 aures,
997 1531 1057 1574 una
1082 1515 1161 1572 interr

153 1620 204 1662 eas
220 1603 289 1660 item
303 1609 484 1660 transversa:
507 1600 599 1660 tribus
616 1601 691 1660 inter
703 1602 841 1661 verticem
858 1609 887 1658 et
904 1598 1035 1657 frontem
1055 1599 1142 1657 rectis

153 1685 274 1763 Reperti
283 1693 358 1756 sunt,
371 1683 417 1758 qui
430 1683 564 1740 avertice
573 1679 826 1740 rectaseaslineas
835 1679 869 1738 ad
879 1687 1016 1758 tempora
1028 1681 1142 1740 deduce

152 1769 438 1846 rent:‘cognitisque
459 1787 496 1826 ex
525 1777 602 1827 motu
627 1768 806 1827 maxillarum
831 1765 1032 1825 musculorum
1056 1766 1142 1836 initiis

153 1851 259 1910 leviter
279 1867 367 1928 super
383 1867 435 1910 eos
452 1861 546 1911 cutem
560 1851 735 1929 inciderent,
757 1851 938 1926 diductisque
962 1867 1021 1927 per
1037 1859 1142 1908 retusos

152 1934 253 1993 hamos
277 1935 351 2008 oris,
376 1937 538 1994 insererent
558 1935 725 2011 linamenta,
748 1942 779 1994 ut
802 1952 895 2014 neque
917 1935 996 1992 inter
1026 1951 1061 1991 se
1082 1933 1163 1991 cutiae

152 2017 259 2095 antiqui
277 2017 348 2076 lines
364 2019 624 2096 committerentur,
648 2028 677 2078 et
698 2020 726 2078 in
748 2018 843 2077 medio
865 2033 934 2076 earo
955 2017 1141 2093 incresceret,

153 2119 227 2180 quae
239 2119 344 2178 venas,
362 2103 514 2180 exquibus
533 2103 635 2162 homer
649 2103 684 2162 ad
699 2102 802 2162 ocules
818 2101 968 2176 transiret,
986 2103 1141 2179 adstringe·

152 2197 206 2245 ret.
240 2185 358 2259 Quidam
377 2188 461 2245 etiam
477 2195 633 2246 atramento
651 2186 721 2245 duas
736 2186 828 2245 lineas
851 2185 996 2245 duxerunt
1021 2205 1037 2246 a
1060 2185 1142 2246 media

153 2287 222 2329 aare
240 2269 276 2328 ad
299 2269 420 2330 mediam
440 2269 559 2328 alteram
580 2285 694 2345 aurem,
713 2269 850 2328 deindea
873 2268 992 2328 naribus
1011 2270 1047 2330 ad
1065 2271 1142 2330 uerti·

153 2371 232 2412 cem:
255 2360 312 2424 tum
335 2353 382 2412 ubi
403 2353 497 2412 lineae
519 2353 782 2429 committebantur,
805 2352 947 2430 scalpello
970 2354 1161 2417 incideruntte

153 2444 277 2513 etpost,
302 2437 442 2512 sangnine
455 2437 562 2513 eiluso,
586 2453 620 2495 os
634 2436 739 2495 ibidem
760 2435 940 2496 adusserant.
975 2436 1081 2496 Nihilo
1103 2436 1142 2495 mi

153 2537 206 2577 nus
220 2527 315 2577 autem
332 2521 401 2578 etin
417 2519 606 2596 temporibus,
630 2529 659 2579 et
674 2522 748 2579 inter
764 2520 887 2579 frontem
902 2527 991 2596 atque
1010 2524 1144 2582 verticem

154 2600 342 2660 eminentibus
363 2604 445 2661 venis
468 2604 543 2662 idem
570 2603 694 2663 candens
718 2603 825 2662 ferrum
847 2603 1052 2664 admoverunt.
1084 2605 1143 2665 Fre

154 2701 245 2764 quens
264 2687 374 2743 curatio
391 2694 454 2760 est,
476 2699 565 2746 renas
580 2690 607 2746 in
623 2685 803 2766 temporibus
824 2687 963 2746 adurere:
987 2707 1067 2766 quae
1089 2689 1143 2748 lere

154 2769 266 2849 quidem
292 2769 319 2827 in
344 2769 484 2844 ejusmodi
508 2771 584 2830 malo
605 2778 726 2840 tument3
750 2771 801 2830 sed
826 2779 936 2845 tamen,
959 2780 992 2830 ut
1017 2773 1164 2832 inflentura

151 2856 301 2932 magisque
322 2871 354 2912 se
374 2852 541 2931 ostendant,
558 2857 658 2915 cervix
683 2863 748 2913 ante
776 2854 889 2913 modice
912 2853 1072 2930 deliganda
1092 2865 1141 2914 est:

152 2938 344 3016 tenuibusque
360 2938 557 3020 ferramentis,
575 2946 603 2997 et
618 2940 723 2997 retusis
740 2955 833 2997 venae
847 2937 1032 3005 adorandae:
1057 2939 1141 2998 doner

152 3023 181 3079 in
199 3023 291 3081 oculis
314 3024 432 3100 pituitae
454 3039 554 3080 cursus
577 3023 775 3100 conquiescat.
807 3020 839 3080 ld
868 3021 942 3080 enirn
968 3024 1086 3098 signum
1105 3029 1141 3081 est
1164 3057 1167 3069 =

154 3107 234 3180 quasi
258 3115 478 3165 excaecatorum
506 3106 656 3182 itinerum,
690 3123 745 3182 per
772 3122 845 3184 quae
863 3104 965 3165 humor
986 3107 1137 3166 ferebatur.

153 3185 306 3245 Valentior
323 3191 416 3247 tamen
430 3187 571 3248 medicina
583 3198 641 3264 est,
658 3189 706 3248 ubi
723 3198 825 3248 tenues
842 3189 1036 3268 conditaeque
1055 3207 1161 3264 venare

154 3276 233 3342 sunt,
249 3268 374 3345 ideoque
389 3271 449 3346 legi
471 3287 527 3329 non
549 3280 688 3350 possunt,
713 3273 815 3330 eodem
831 3272 917 3331 modo
941 3276 1062 3334 cervice
1078 3273 1137 3334 deli·

93 3421 95 3424 ·
154 3361 231 3427 gata,
247 3359 420 3426 retentoque
437 3351 471 3410 ab
489 3355 554 3429 ipso
571 3356 687 3432 spiritu,
704 3371 761 3432 quo
775 3357 867 3431 magis
883 3373 974 3416 uenae
993 3358 1143 3436 prodeant,¹

154 3440 312 3492 atramento
328 3441 429 3490 notare
451 3449 501 3492 eas
522 3447 620 3497 contra
642 3446 789 3516 tempora,
805 3447 834 3498 et
852 3439 927 3500 inter
946 3443 1087 3502 verticem
1108 3457 1135 3500 ac
