2384 3896
140 157 202 222 noo
430 165 463 210 a.
479 162 511 211 c.
527 163 626 212 eamr
641 163 835 213 unnrornan

141 322 271 382 colorem
291 321 413 380 maxime
435 335 506 378 anno
531 319 649 395 corpori
667 316 787 376 similem
802 318 920 392 aecipit-
955 315 1039 378 Iden
1057 317 1135 378 rasllx

140 404 283 466 silvestris
304 403 464 463 cucumeris
484 410 627 479 praestat:
653 399 728 461 mem
743 399 933 477 compositio,
953 418 1031 477 qaae
1051 400 1135 460 lrabet

140 488 252 548 elaterii
275 504 302 564 p.
317 487 374 564 )-(.
397 498 419 544 t.
444 484 691 563 spumaeargenti
707 501 735 560 p.
751 482 805 561 )·(.
824 495 860 544 11.
878 484 1020 560 unguenti
1037 501 1069 562 p.
1086 485 1135 561 )-(.

140 585 200 632 vll.
225 586 299 647 quae
321 569 504 645 caelpiuntur
523 568 619 628 resina
640 565 848 642 terebinthina,
868 565 965 626 donec
989 567 1136 645 emplastri

141 652 303 714 crassitudo
319 670 356 712 ex
379 651 510 710 omnibus
527 650 584 710 liat
615 649 660 710 Ac
675 650 773 725 nigras
791 666 908 727 qnoque
924 652 1089 710 cicatrices
1101 650 1151 712 lea

139 741 214 798 niter
233 743 356 815 purgant
372 735 490 812 paribus
507 733 688 811 portionibus
702 734 789 794 mixta
812 750 925 810 aerugo
941 741 972 794 et
994 733 1137 811 plumbum

140 821 264 897 elotum,
282 819 440 896 eademque
455 817 552 877 resina
569 827 688 884 coacta;
704 817 767 876 sire
783 818 897 892 ungitur
908 817 1049 893 cicatrix,
1067 815 1138 895 quoi

139 904 167 964 in
182 905 259 964 iacie
274 904 337 964 lieri
355 909 468 982 potest:
492 901 556 960 slve
576 901 604 960 id
624 909 655 960 ut
672 899 857 977 emplastrum
873 901 1050 977 imponitur,
1067 899 1138 979 quad

140 988 169 1047 in
183 988 247 1047 aliis
262 985 392 1063 partibus
408 982 585 1046 commodius
601 993 656 1044 est.
689 982 729 1042 At
744 985 767 1044 si
785 983 833 1042 uel
853 983 989 1044 excreuit
1009 985 1137 1058 cicatrix,

140 1069 188 1129 rel
204 1085 335 1130 concava
352 1075 416 1141 est,
433 1067 548 1127 stultum
564 1076 609 1127 est
623 1067 741 1128 decorIs
754 1083 838 1129 cansa
850 1083 950 1126 rursus
962 1075 995 1126 et
1006 1066 1158 1128 dolerent

140 1162 170 1212 et
181 1149 351 1210 medicinam
366 1151 524 1210 sustinere:
541 1151 669 1229 alioquin
679 1167 729 1210 res
744 1152 857 1228 utrique
870 1151 1007 1210 succurri
1022 1153 1135 1227 patitur.

140 1233 288 1312 Siquidem
303 1241 424 1309 utraque
436 1235 558 1293 cicatrix
571 1231 735 1294 exulcera'ri
747 1233 891 1311 scalpello
904 1241 1023 1310 potest:
1041 1235 1069 1294 ai
1085 1253 1137 1294 une·

49 1366 52 1382 .
140 1316 329 1378 dicamentum
341 1316 445 1395 aliquis
454 1317 578 1393 mavult,
596 1317 672 1378 idem
684 1316 813 1378 ellleiuut
824 1317 1066 1394 compositiones
1077 1335 1137 1392 eae,

141 1418 216 1478 quae
245 1413 353 1479 corpus
378 1400 513 1462 exedunt.
544 1398 617 1461 Cute
644 1399 829 1475 exulcerata,
851 1418 943 1478 anper
964 1402 1136 1462 eminentem

141 1501 256 1544 carnem
276 1483 429 1544 exedentia
445 1484 653 1544 medicamenta
666 1483 848 1558 conjchenda
863 1492 944 1548 aunt:
961 1501 1058 1560 anper
1074 1492 1159 1544 eon-1⁵

141 1585 261 1652 cauam2
282 1567 440 1645 implentia;
462 1568 557 1632 donec
582 1576 733 1646 utrumqne
751 1567 833 1628 ulcus
851 1584 940 1629 sanae
957 1569 1019 1626 cuti
1034 1585 1135 1646 aequa·

141 1659 202 1712 tur:
221 1659 250 1711 et
266 1659 322 1710 tum
339 1652 460 1713 cicatrix
477 1649 636 1714 inducatur.

439 1885 623 1950 CAPUT
655 1885 835 1947 XXVII.

252 1998 290 2050 De
305 2004 433 2054 cursdooe
451 2003 594 2063 uolnerum,
613 2017 679 2066 quae
693 2017 740 2069 per
757 2015 858 2054 morsus
874 2000 1033 2052 inferuntur.

207 2150 233 2209 l.
254 2148 321 2212 Dixi
333 2149 411 2212 deiia
423 2151 601 2227 uulneribus,
614 2169 687 2232 quae
699 2152 1158 2236 maximopertelainieruntnr:²t

141 2234 287 2312 sequitur,
303 2244 333 2294 nt
346 2235 382 2296 de
401 2237 435 2294 iis
451 2235 559 2313 dicem,
581 2255 655 2315 quae
672 2254 768 2298 morsu
785 2239 870 2312 liunt,
888 2235 1034 2298 interdurn
1051 2235 1134 2296 homi

141 2317 185 2376 nis
205 2317 259 2394 (ci.
276 2317 348 2378 Plin.
369 2318 482 2395 XVIII,
505 2321 543 2396 4,
565 2319 619 2398 8),
640 2319 779 2386 interdum
793 2322 909 2396 simiae,
931 2337 1025 2395 saepe
1044 2321 1133 2392 canis,

75 2411 90 2420 ·
140 2416 350 2480 nonnumquam
363 2403 490 2466 lerornm
507 2404 682 2480 animalium,
698 2414 746 2464 aut
760 2407 946 2482 serpentium.
974 2403 1078 2462 Omnis
1090 2419 1134 2462 au·

140 2490 198 2540 tem
217 2482 281 2545 lere
304 2504 417 2546 morans
433 2487 520 2548 habet
536 2487 679 2566 quoddam
695 2489 782 2550 virus.
815 2487 916 2566 Itaque
934 2487 958 2547 si
976 2486 1134 2546 velamem

141 2563 243 2624 rrrlnus
264 2578 324 2644 est,
345 2569 524 2630 cucurbitula
548 2570 725 2633 admovenda
746 2579 806 2632 est:
828 2572 853 2632 ai
875 2571 988 2643 levius,
1005 2571 1158 2647 protinnstt

140 2646 325 2722 emplastrum
347 2652 546 2728 injiciendum,
568 2655 785 2734 praecipueque
806 2655 948 2731 Diogenis
965 2653 1045 2732 (19,
1063 2653 1132 2730 20);

140 2730 165 2789 si
186 2728 213 2788 id
229 2747 285 2814 non
302 2743 363 2810 est,
386 2735 534 2813 quodlibet
551 2739 656 2812 exiis,
675 2757 754 2816 quae
774 2738 919 2806 adversus
934 2754 1055 2796 morsus
1070 2751 1133 2814 pro

140 2814 239 2892 posui;
269 2817 293 2876 si
314 2835 349 2876 ea
365 2835 425 2878 nou
447 2829 527 2895 snut,
553 2820 645 2881 viride
667 2821 882 2882 alexandrinum
905 2821 979 2898 (19,
1005 2821 1084 2898 17);
1111 2817 1133 2880 el
1183 2809 1185 2906 l

139 2915 175 2956 ne
198 2898 226 2959 id
242 2901 354 2977 quidem
371 2911 434 2977 est,
458 2903 609 2981 quodlibet
623 2919 680 2964 non
697 2905 924 2982 pingueainis,
943 2921 1020 2981 quae
1033 2919 1132 2964 recen
1184 2913 1185 2988 q

140 2979 215 3040 tibus
236 2985 403 3046 vulneribus
426 2987 687 3046 accommodantur.
723 2987 773 3047 Sal
796 3005 913 3065 quoque
935 2987 999 3060 bis,
1021 2986 1157 3064 praeci-n
1184 2995 1185 3028 t

140 3078 253 3140 liteque
272 3069 315 3144 ei,
340 3069 417 3148 quod
434 3070 618 3142 sanisiaco,
643 3069 880 3132 medicamentum
895 3079 956 3146 est,
981 3070 1008 3128 si
1022 3066 1131 3128 vulneri
1183 3029 1185 3106 l

138 3145 307 3240 imponitur,
330 3171 476 3237 superque
499 3153 527 3214 id
550 3152 661 3216 duobus
682 3153 780 3229 digitis
796 3153 981 3214 verberatur:
1004 3153 1130 3212 exsaniat
1183 3111 1185 3224 l

138 3243 231 3387 gqqqtr
259 3230 304 3290 Ac
325 3235 526 3309 salsamentum
550 3255 666 3314 quoque
686 3247 768 3298 reete
784 3255 873 3314 saper
890 3235 919 3296 id
939 3235 1045 3297 vulnus
1063 3232 1129 3295 deli·

93 3485 96 3490 ,
202 3396 232 3456 2·
253 3397 359 3476 Utique
384 3410 493 3477 illem,
525 3405 549 3462 si
580 3405 713 3466 rabiosus
741 3403 821 3464 oanis
853 3402 921 3480 luit,
953 3397 1152 3463 cucurbitudan
1183 3391 1185 3488 l

1183 3509 1185 3582 l
