2384 3896
373 211 442 260 111.
456 209 490 260 u.
512 209 586 259 cun.
603 211 701 262 xvus.
971 201 1030 262 169

106 367 160 426 12.
188 365 233 426 dd
254 365 354 427 cadem
375 364 546 426 Panthemus
569 363 703 426 utebatur
722 366 812 426 calcis
831 381 860 444 p.
880 385 905 427 s.
923 371 1030 446 sinapis

37 451 177 526 contriti,
200 453 267 510 item
286 449 365 508 ioeni
380 450 497 526 graeci,
520 448 667 526 aluminis,
690 449 865 526 singulorum
883 469 910 530 p.
926 465 948 511 1.
968 454 1029 512 sevi

35 532 139 596 bubuli
158 552 186 612 p.
202 547 238 595 11.
255 551 278 594 s.

104 631 156 692 13.
186 633 233 692 14.
261 629 307 689 Ad
330 638 464 690 strumam
485 630 571 690 multa
588 630 895 707 malagmatainvenio.
934 630 1029 692 Credo

14 724 152 792 sautem,
176 732 232 793 quo
253 715 336 793 pejus
359 713 386 772 id
407 714 509 773 malum
525 724 585 790 est,
607 715 755 793 minusque
770 714 856 774 iacile
868 714 1029 790 discutitur,
1088 761 1091 768 .

36 792 74 858 eo
92 798 179 876 plura
196 805 402 866 assistentem:
426 815 500 875 quae
517 799 545 856 in
560 799 693 878 personis
709 799 789 857 varie
806 797 1027 877 responderunt.

38 881 174 941 Andreas
200 889 300 941 auctor
326 889 386 957 est,
411 889 441 940 ut
461 880 535 940 haec
560 883 747 942 misceantur:
777 883 895 941 urticae*
914 883 1030 942 seminis

40 984 66 1042 p.
84 966 142 1043 )·(.
161 978 184 1024 1.
211 964 319 1045 piperis
339 963 469 1039 rotundi,
493 963 607 1041 bdellii,
627 964 757 1042 galbani,
779 966 947 1024 ammoniaci
966 965 1028 1039 thy·

40 1050 199 1125 niamatis,
229 1049 345 1108 resinae
372 1047 484 1125 aridae,
512 1048 688 1125 singulorum
711 1066 739 1125 p.
762 1050 819 1127 )·(.
843 1061 888 1107 1v.
916 1051 1029 1108 resinae

11 1143 32 1188 rc
40 1132 188 1210 liquidae,
211 1149 314 1206 cerac,
336 1130 481 1209 pyrethri,
507 1133 616 1210 piperis
638 1131 733 1209 longi,
753 1131 883 1191 lactucae
904 1132 1029 1191 marinae

40 1216 174 1292 seminis,
199 1215 343 1294 sulphuris
364 1216 459 1292 iguem
480 1231 537 1274 non
552 1217 682 1294 experti,
705 1215 783 1292 quod
798 1204 929 1293 ἄπυρον
944 1231 1029 1274 uoca-

41 1308 99 1374 tur,
117 1299 213 1378 lascis
226 1298 323 1358 aridae
335 1299 426 1375 aceti,
443 1315 562 1378 ¹spumae
574 1299 656 1374 nitri,
672 1299 742 1358 salis
754 1300 938 1373 ammoniaci,
955 1301 1029 1358 sina·

41 1384 101 1460 pis,
134 1381 326 1458 cardamomi,
354 1381 461 1442 radicis
486 1400 524 1442 ex
549 1400 701 1442 cucumere
727 1381 871 1457 silvestri,
902 1384 1029 1453 resinae,

43 1465 220 1542 singulorum
235 1484 264 1545 p.
281 1466 336 1544 )·(.
351 1479 424 1526 V111.
443 1483 517 1544 quae
532 1483 570 1526 ex
584 1466 642 1527 leni
659 1467 726 1526 uino
741 1464 948 1525 contunduntur
955 1463 1033 1548 (Gal.

13 1556 63 1616 asi.
80 1557 97 1617 i.
114 1558 160 1635 X,
176 1561 220 1618 2.

105 1649 153 1708 15.
184 1561 354 1724 lixpeditius
377 1645 413 1707 ad
430 1645 503 1705 idem
519 1645 568 1722 lit,
588 1645 666 1725 quod
680 1644 767 1705 hahet
783 1647 856 1707 visci
870 1646 887 1682 *¹
902 1647 1028 1720 seminis,

46 1730 201 1804 stercoris,
224 1731 356 1806 resinae,
379 1728 525 1808 sulphuris
544 1730 640 1807 iguem
661 1745 717 1789 non
734 1733 845 1809 experti
860 1748 947 1810 pares
962 1747 1028 1809 por-

45 1813 144 1874 tiones.
167 1812 206 1874 Et
217 1815 245 1873 in
258 1827 314 1892 quo
328 1821 372 1873 est
384 1811 528 1892 sulphuris
541 1831 569 1892 p.
583 1813 639 1892 )·(.
651 1827 673 1873 1.
686 1813 801 1892 lapidis,
818 1831 902 1892 quem
917 1816 1030 1892 pyriten

47 1906 161 1975 uocant,
178 1915 207 1975 p.
222 1898 279 1976 )·(.
295 1909 341 1956 lv.
358 1897 460 1956 cumini
475 1896 664 1958 acetabulum.
698 1895 768 1956 ltem
784 1897 811 1956 in
827 1916 884 1976 quo
900 1907 944 1956 ast
959 1898 1028 1976 lapi·

18 2000 40 2044 to
49 1977 87 2039 dis
108 1981 238 2056 ejusdem
258 1999 327 2059 pars
346 1997 417 2058 uua,
440 1979 582 2060 sulphuris
600 1979 672 2040 duae
688 1989 802 2060 partes,
826 1982 939 2041 resinae
955 1989 1029 2040 tere·

48 2061 185 2125 binthinae
203 2073 301 2144 partes
315 2073 386 2124 tres.

104 2162 152 2222 16.
182 2161 288 2224 Arabis
304 2169 396 2222 autem
415 2162 561 2237 cujusdam
579 2161 675 2222 estad
694 2170 843 2237 strumam,
864 2170 892 2220 et
908 2161 1029 2220 orientia

36 2241 207 2321 tubercula,
229 2244 307 2324 quod
321 2245 394 2306 haec
411 2245 524 2323 digerit.
562 2243 656 2305 llahet
671 2243 819 2319 myrrhae,
841 2243 909 2303 salis
925 2259 1029 2302 ammo-

50 2327 133 2405 niaci,
155 2330 243 2407 turis,
265 2330 380 2389 resinae
400 2338 429 2389 at
448 2328 573 2407 liquidae
597 2337 626 2388 et
644 2327 755 2405 aridae,
778 2329 1029 2404 crocomagmatis,

23 2427 145 2490 ascerae,
168 2413 347 2490 singulorum
364 2431 392 2490 p.
407 2415 463 2492 )·(.
478 2426 501 2472 1.
524 2411 627 2491 lapidis
646 2413 726 2488 ejus,
750 2429 834 2489 quem
850 2414 964 2490 pyriten
979 2428 1028 2469 vo·

52 2504 124 2570 cant,
139 2515 166 2575 p.
183 2497 242 2576 )·(.
258 2509 304 2555 lv.
321 2496 422 2575 quibus
440 2496 552 2575 quidam
566 2497 702 2571 adjiciunt
715 2495 859 2574 sulphuris
876 2512 903 2573 p.
919 2493 975 2573 )·(.
991 2507 1027 2553 11.

71 2671 72 2674 Ἴ
105 2597 151 2654 17.
178 2595 232 2656 Est
245 2596 330 2655 etiam
344 2595 502 2676 proficiens
523 2597 552 2656 in
572 2605 692 2670 struma,
716 2604 746 2655 et
765 2597 794 2654 in
814 2594 850 2655 iis
870 2595 1029 2669 tuberibus,

53 2673 117 2752 quaa
137 2678 292 2740 diiliciliter
317 2689 548 2758 concoquuntur,
573 2690 603 2740 et
623 2681 652 2738 in
673 2681 721 2756 iis,
747 2696 821 2758 quae
842 2670 1030 2756 uupxcvcidq

53 2771 197 2840 uocantur,
227 2762 303 2841 quod
328 2781 366 2824 ex
387 2763 432 2824 his
452 2772 579 2825 constat:
610 2763 755 2841 sulphuris
777 2781 806 2841 p.
827 2764 882 2842 )·(.
904 2776 940 2822 11.
964 2763 1030 2820 nitri

27 2844 205 2922 top.)-(.1v.
229 2845 361 2921 myrrhae
378 2864 406 2926 p.
423 2847 479 2926 )·(.
495 2861 541 2907 111.
562 2847 690 2926 fuliginis
706 2847 777 2906 turis
795 2863 823 2926 p.
840 2864 866 2906 s.
888 2844 957 2906 salis
971 2862 1028 2904 nm·

55 2928 165 2989 moniaci
181 2948 208 3007 p.
226 2949 251 2988 z.
269 2947 355 2990 cerae
373 2948 401 3009 p.
420 2943 443 2989 1.

110 3009 155 3070 18.
183 3012 360 3076 Protarchus
373 3021 467 3074 autam
482 3009 518 3073 ad
535 3009 738 3090 caucetum,
751 3029 853 3090 eaque
869 3009 1029 3085 tubercula,

57 3105 119 3164 quae
132 3092 338 3173 peiqupc'dsg
359 3097 556 3171 nominantur,
576 3097 645 3154 item
667 3095 748 3164 mala,
759 3095 873 3169 ulcera,
900 3095 1030 3173 pumicis,

57 3175 158 3236 resinae
174 3179 275 3257 pineae
291 3179 431 3257 liquidae,
453 3180 524 3239 turis
539 3178 682 3256 fuliginis,
705 3195 823 3257 spumae
836 3179 926 3256 uitri,
939 3177 1030 3254 iridis,
1136 3180 1138 3188 ’

32 3255 451 3342 asingulorump‚)-(.v1u.
479 3280 542 3321 cum
569 3281 655 3322 cerae
680 3282 709 3341 p.
735 3262 790 3341 )·(.
811 3275 859 3324 lx.
880 3261 1030 3336 miscebat,
1072 3261 1075 3265 ’

60 3335 150 3422 hisque
164 3345 221 3404 olei
238 3345 369 3421 cyathum
385 3354 414 3406 et
429 3345 571 3405 dimidium
587 3343 748 3421 adjiciebat.

12 3503 13 3506 Ἴ
115 3425 159 3486 19.
188 3427 226 3490 At
251 3429 391 3490 adversus
417 3447 520 3510 panum
545 3439 601 3490 tum
625 3431 745 3507 primum
771 3431 927 3507 orientem,
953 3426 1029 3506 quod
