2392 3906
140 173 181 234 46
427 185 459 232 u.
478 183 508 232 o.
527 179 835 262 cuns1naunrcntun

139 345 293 411 tentarunt,
314 355 410 418 neque
426 338 530 400 callum
547 338 728 413 induxerunt,
745 336 819 396 solvi
841 344 978 416 possunt:
999 336 1137 394 maxime·

139 441 196 502 quc
225 422 391 482 torminibus
413 423 572 499 leniuntur,
596 429 625 480 et
646 437 826 501 quocumque
845 419 932 480 modo
953 428 1056 479 venter
1077 417 1139 478 fluit

139 504 236 586 (ibid.
252 506 273 582 ς
289 503 335 584 8).
361 503 433 566 Item
449 506 567 566 morbus
588 505 740 565 comitialis
755 515 821 565 ante
841 502 1024 583 pubertatem
1045 512 1138 578 ortus,

138 609 196 652 non
216 609 304 667 aegre
327 589 421 650 linitur
444 590 498 667 (cf.
514 586 593 668 Apu.
609 587 646 665 V,
663 589 713 669 7);
735 597 765 648 et
783 591 812 648 in
832 603 890 667 quo
913 587 950 646 ab
973 605 1029 646 una
1052 595 1139 666 parte

139 675 273 820 litut}
290 672 1160 833 blittbttttttlbtf'ttlltf‘tuttlltuit?⁵

138 861 212 904 mum
233 777 309 903 imeq
327 843 401 902 haec
416 859 432 901 a
447 843 542 919 capite
561 837 659 919 (itta.
676 841 697 916 ᾗ
715 841 762 918 9).
796 840 893 918 Atque
913 841 941 898 in
956 837 1000 898 bis
1019 853 1147 917 qnoquet

139 947 174 988 ea
188 927 310 987 maxime
326 934 462 1002 prosunt,
479 942 553 1003 quae
566 943 619 1004 per
635 925 816 1001 dejectiones
833 931 1036 984 excernuntur.
1070 919 1139 1000 Ipsa

138 1020 233 1071 autem
250 1010 376 1085 dejectio
401 1009 463 1069 siue
484 1008 543 1068 ulla
566 1027 643 1070 noxa
664 1018 724 1085 est,
747 1027 822 1089 quae
844 1007 1011 1068 sine·lebre
1030 1014 1093 1072 est:
1117 1007 1140 1064 si

138 1094 275 1154 celeriter
291 1092 407 1162 desinit;
425 1094 450 1152 si
464 1103 644 1154 contrectato
658 1103 761 1153 ventre
774 1093 868 1152 nullus
882 1100 976 1151 motus
991 1093 1056 1167 ejus
1070 1107 1136 1149 sen·
1147 1111 1167 1152 a

137 1179 218 1245 titur;
244 1177 267 1234 si
285 1184 442 1236 extremam
462 1177 557 1236 alvum
579 1179 695 1255 spiritus
716 1179 854 1255 sequitur.
888 1175 934 1236 Ac
955 1192 992 1234 ne
1015 1177 1139 1234 tormina

115 1292 117 1302 ·
138 1259 252 1338 quidem
269 1259 433 1338 periculosa
448 1270 527 1338 sunt,
551 1261 576 1319 si
591 1261 707 1337 sanguia
721 1270 750 1321 et
765 1262 933 1337 strigmenta
948 1259 1138 1332 descendunt,

137 1345 203 1404 dum
218 1343 309 1402 febris
325 1353 501 1422 ceteraeque
517 1346 705 1405 accessiones
724 1344 808 1421 hujus
828 1343 921 1405 morbi
937 1342 1045 1403 absint:
1062 1342 1138 1402 adeo

136 1437 167 1486 ut
183 1429 267 1487 etiam
281 1426 401 1504 gravida
415 1429 532 1504 mulier,
549 1445 606 1487 non
621 1428 714 1488 solum
730 1430 841 1489 servari
859 1428 968 1506 possit,
983 1427 1138 1487 sedetiam

72 1545 79 1554 ι
137 1521 249 1590 partum
270 1529 424 1572 reservare
445 1511 590 1589 (Prorrb.
611 1511 692 1590 Μ
715 1511 783 1590 22).
825 1511 1006 1588 Prodestque
1027 1512 1056 1570 in
1078 1511 1165 1570 boote

138 1595 255 1670 morbo,
284 1595 308 1654 si
329 1597 389 1672 jam
410 1605 505 1656 aetate
526 1597 798 1675 aliquis-processit
824 1596 879 1674 (ci.
899 1593 979 1673 Apb.
1000 1593 1044 1670 Π,
1066 1595 1136 1672 45).

137 1677 244 1738 Contra
259 1679 458 1740 intestinorum
479 1680 599 1740 laevitas
619 1679 733 1740 facilius
754 1699 770 1740 a
791 1681 901 1740 teneris
921 1677 1064 1738 aetatibus
1087 1677 1136 1738 de-

136 1763 266 1842 pellitur;
280 1764 378 1841 utique
390 1765 414 1822 si
426 1765 497 1824 ferri
509 1765 599 1837 urina,
612 1773 642 1823 et
652 1764 690 1826 ali
701 1763 766 1824 cibo
778 1780 884 1842 corpus
896 1763 1005 1841 incipit.
1026 1759 1137 1821 Eadem

136 1856 216 1906 aetas
232 1846 368 1925 prodest,
385 1850 456 1907 etin
474 1865 567 1908 coxae
583 1847 696 1923 dolore,
715 1857 744 1908 et
755 1847 948 1922 humerorum,
969 1855 998 1905 et
1014 1847 1043 1904 in
1060 1847 1137 1905 omni

136 1929 315 1991 resolutione
334 1947 496 1992 nervorum.
525 1929 570 1990 Ex
585 1931 688 2009 quibus
705 1949 797 2008 coxa,
821 1932 847 1990 si
866 1933 928 1990 sine
942 1939 1063 2008 torpore
1080 1938 1166 2004 esta

138 2016 162 2074 si
184 2013 288 2074 leviter
309 2013 414 2092 friget,
434 2016 563 2093 quamtis
586 2032 707 2093 magnos
729 2016 849 2076 dolores
863 2014 1091 2092 habet,›tamen
1110 2022 1138 2073 et

136 2098 234 2174 facile,
256 2107 285 2158 et
296 2108 406 2159 mature
419 2109 549 2160 sanatur:
567 2101 783 2179 resolutumque
801 2099 974 2174 membrum,
992 2099 1017 2157 si
1032 2098 1137 2157 nibilo-

135 2185 228 2243 minus
249 2183 350 2260 alitur,
371 2183 434 2244 lieri
457 2201 554 2244 sanum
569 2193 677 2263 potest.
712 2183 777 2244 Oris
799 2182 940 2244 resolutio
963 2183 1047 2242 etiam
1068 2180 1137 2240 alvo

137 2270 193 2328 cita
214 2267 317 2328 linitur.
362 2266 518 2348 Omnisque
539 2269 666 2346 dejectio
681 2268 812 2347 lippienti
827 2266 947 2346 prodest
970 2263 1067 2343 (Aple.
1084 2265 1138 2339 vl,

138 2354 175 2412 17
184 2373 191 2419 ;
208 2350 302 2413 Gouc.
317 2351 405 2430 220).
429 2353 468 2412 At
481 2355 562 2412 varix
577 2363 673 2429 ortus,
690 2352 738 2412 vel
753 2369 807 2429 per
823 2367 873 2411 ora
889 2367 1024 2411 venarum
1040 2348 1166 2408 subitam

136 2433 267 2512 prolusio
279 2433 451 2513 sanguinis,
474 2437 523 2496 vel
543 2439 674 2511 tormina,
693 2435 830 2494 insaniam
848 2435 952 2494 tollunt
971 2431 1067 2512 (Apb.
1085 2433 1137 2507 vl,

136 2518 203 2593 21).
225 2517 413 2578 Humerorum
429 2520 567 2594 dolores,
584 2521 631 2599 qui
643 2519 678 2578 ad
690 2517 825 2596 scapulas
834 2518 883 2577 vel
896 2533 994 2578 manus
1005 2517 1136 2591 tendunt,

136 2601 243 2659 vomitu
264 2610 344 2660 atrae
365 2601 431 2661 bilis
454 2603 617 2661 solvuntur:
634 2610 664 2660 et
677 2603 807 2680 quisquis
822 2602 908 2662 dolor
924 2602 1061 2664 deorsum
1074 2610 1137 2661 ten·

95 2755 98 2764 Ι
136 2683 428 2759 lineamentarem
449 2683 594 2763 (Prorrb.
612 2683 652 2761 ΙΙ,
677 2685 697 2760 §
718 2685 787 2762 40).
824 2686 972 2762 Singultus
994 2695 1135 2745 sternuta-

134 2777 230 2828 mento
246 2767 340 2826 linitur
362 2765 457 2845 (Aple.
472 2767 528 2842 Ἦ,
549 2767 615 2845 13).
651 2767 765 2846 Longas
782 2771 962 2846 deiectiones
984 2771 1163 2848 supprimite

135 2852 259 2911 vomitus
274 2847 370 2929 (Aple.
386 2850 436 2924 vl,
458 2851 523 2927 15).
555 2850 659 2912 Mulier
675 2855 842 2931 sanguinem
853 2859 988 2929 vomens,
1006 2854 1135 2932 profusis

135 2936 304 3011 menstruis,
322 2934 460 2994 liberatur
475 2931 625 3014 (Aptqv,
642 2936 708 3015 32).
730 2937 812 3011 Quae
827 2938 981 2997 menstruis
995 2953 1055 2997 non
1069 2955 1134 3017 pnr-

134 3029 227 3096 gatur,
251 3019 275 3078 si
295 3020 462 3096 sanguinem
485 3037 523 3078 ex
543 3019 659 3079 naribus
680 3021 768 3099 ludit,
790 3023 865 3082 omni
886 3020 1019 3100 periculo
1039 3029 1133 3082 vacat.

135 3103 217 3176 Quae
229 3102 303 3162 locis
317 3102 447 3180 laborat,
463 3112 511 3164 aut
522 3103 677 3164 difficulter
690 3115 801 3184 partum
813 3106 888 3181 edit,
906 3109 1134 3167 sternutamento

133 3187 256 3246 levatur.
297 3186 416 3246 Aestiua
438 3196 575 3268 quartana
598 3189 661 3248 lere
683 3188 781 3250 brevis
805 3199 850 3250 est
873 3188 969 3268 (Aple.
994 3188 1041 3266 ll,
1064 3189 1161 3267 tetta

136 3268 189 3330 Cui
209 3269 292 3330 calor
313 3280 342 3330 et
367 3281 556 3346 tremorem,
579 3273 662 3332 saluti
683 3272 812 3334 delirium
837 3283 883 3332 est
906 3271 1018 3352 (Cotto.
1044 3275 1132 3352 129).

134 3351 266 3415 Lienosis
285 3354 362 3414 bono
382 3357 501 3416 tormina
527 3363 591 3414 sunt
612 3355 708 3436 (Apb.
724 3357 789 3432 Ἦ,
812 3356 879 3434 48).
916 3356 1049 3434 Denique
1072 3361 1134 3436 lpsa

134 3439 236 3515 febris,
249 3438 325 3518 quod
337 3441 459 3514 maxime
471 3440 572 3499 mirum
583 3440 674 3500 videri
687 3449 795 3518 potest,
808 3457 898 3520 saepe
910 3442 1058 3518 praesidio
1074 3451 1133 3519 est3
