2392 3906
302 193 369 242 mu.
385 194 434 240 111.
458 191 532 240 cae.
545 193 620 242 xrn.
635 193 707 244 xrv.
721 196 778 244 xv.
994 183 1035 242 95

32 346 134 424 verit,
158 356 225 425 post
241 297 353 406 febrem
368 347 496 425 experiri
516 346 649 408 balneum
665 357 694 408 et
709 350 817 418 viuunn
832 351 983 428 magisque
1002 350 1035 426 si,

31 429 166 492 horrore
184 430 313 506 sublato,
332 430 404 491 baec
420 440 563 509 superest.

391 667 558 728 CAPUT
586 667 684 727 XIV.

369 785 469 834 Curatio
485 785 606 832 tertianae
619 783 704 834 febris.

5 945 21 984 ⁶
103 937 137 996 si
154 951 225 994 vero
242 937 378 1011 tertiana,
405 953 477 1013 quae
501 953 538 995 ex
555 943 616 994 toto
628 933 809 1010 intermittit,
832 945 878 996 aut
898 947 1033 1014 quartana

34 1028 98 1094 est,
119 1018 223 1078 mediis
244 1018 344 1079 diebus
373 1028 402 1079 et
428 1018 664 1079 ambulationibus
687 1021 725 1077 uti
748 1028 885 1096 oportet,
913 1020 1035 1098 aliisque

39 1102 311 1179 exercitationibus,
327 1112 356 1163 et
370 1102 559 1164 unctionibus.
589 1102 709 1176 Quidam
725 1121 762 1162 ex
777 1104 900 1180 antiquis
914 1105 1035 1166 medicis
1122 1121 1124 1130 ‘

40 1184 252 1266 Cleophantus,
266 1187 295 1246 iu
310 1187 365 1248 hoc
380 1205 489 1264 genere
506 1185 687 1262 morborum,
702 1186 790 1246 multo
800 1195 872 1246 aute
889 1191 1034 1250 accessio-

36 1287 117 1346 nem,
134 1287 188 1348 per
204 1280 289 1348 caput
301 1288 420 1347 aegrum
435 1270 521 1330 multa
537 1270 629 1330 calida
645 1287 719 1347 aqua
735 1270 941 1348 perfundebat,
956 1272 1035 1332 dein·

7 1354 185 1414 odericum
202 1353 296 1412 dabat.
320 1355 420 1430 Quod,
434 1355 562 1431 quamvis
575 1354 714 1433 pleraque
731 1355 793 1428 ejus
808 1355 861 1414 riri
878 1365 1036 1434 praecepta

33 1446 178 1515 sequutus
200 1447 245 1496 est
260 1436 468 1516 Asclepiades,
487 1447 568 1497 recte
591 1446 684 1498 tamen
704 1438 867 1515 praeteriit:
894 1448 939 1498 est
960 1444 1035 1498 euim

34 1537 158 1599 auceps.
190 1520 275 1598 lpse,
298 1523 322 1581 si
343 1523 465 1602 tertianq
484 1521 575 1580 febris
596 1529 657 1596 est,
680 1523 765 1582 tertio
782 1521 828 1580 die
851 1530 918 1600 post
935 1540 1034 1582 acces·

37 1607 147 1664 sionem
163 1605 234 1664 dicit
248 1606 341 1664 alvum
356 1606 421 1672 duci
438 1613 590 1682 oportere;
607 1607 721 1681 quinto,
738 1613 803 1683 post
817 1605 968 1666 horrorem
983 1623 1035 1664 vo-

35 1688 130 1748 mitum
147 1689 271 1758 elicere;
289 1689 391 1749 deinde
406 1697 473 1767 post
486 1688 611 1764 febrem,
627 1690 700 1748 sicut
717 1689 758 1748 illi
769 1706 832 1748 mos
849 1697 925 1764 erat,
942 1689 1035 1750 adbuc

5 1785 25 1826 lc
35 1773 137 1832 calidis
152 1773 222 1834 dare
238 1774 330 1832 cibum
346 1783 375 1832 et
390 1775 498 1843 vinum;
514 1780 598 1832 sexto
614 1771 660 1830 die
675 1776 702 1830 in
713 1772 821 1832 lectulo
837 1772 973 1832 detineri:
993 1775 1035 1834 sic

33 1858 108 1916 euim
123 1856 207 1931 fore,
222 1875 258 1915 ne
274 1859 396 1932 septimo
409 1857 454 1916 die
466 1857 557 1916 febris
569 1855 698 1916 accedat.
720 1855 751 1916 ld
767 1873 857 1934 saepe
869 1857 932 1916 lueri
944 1873 1034 1932 posse

31 1941 192 2000 verisimile
220 1948 274 1999 est.
309 1938 408 1999 Tutius
437 1947 532 1999 tamen
555 1947 617 2014 est,
648 1948 678 1998 ut
700 1940 756 2000 hoc
774 1939 875 2000 ordine
909 1946 1034 2004 atamen

32 2025 83 2083 tria
104 2024 252 2083 remedia:
268 2026 406 2098 vomitus,
429 2024 485 2084 alvi
506 2023 664 2098 ductionis,
688 2025 759 2098 vini,
782 2023 987 2101 pertriduum,
1005 2022 1035 2083 id

33 2117 76 2166 est
92 2109 181 2166 tertio
196 2107 243 2166 die
264 2117 293 2166 et
312 2109 427 2186 quinto,
450 2117 479 2166 et
495 2108 618 2184 septimo
634 2115 762 2166 tentare:
784 2124 839 2166 uec
856 2108 964 2182 viuum,
980 2109 1034 2166 nisi

4 2201 100 2270 apost
115 2193 319 2252 accessionem
334 2191 391 2252 diei
412 2191 540 2268 septimi,
556 2189 642 2248 bibat.
679 2191 709 2248 Si
726 2207 795 2248 vero
814 2191 913 2267 primis
931 2189 1033 2249 diebus

33 2275 183 2334 discussus
198 2273 315 2334 morbus
329 2291 387 2334 uon
402 2283 462 2350 est,
483 2273 639 2350 inciditque
656 2275 684 2330 in
703 2281 889 2348 vetustatem,
914 2289 970 2350 quo
987 2272 1033 2331 die

36 2357 125 2416 febris
136 2359 369 2436 exspectabitur,
388 2360 416 2416 in
441 2356 549 2416 lectulo
575 2373 608 2414 se
629 2357 794 2422 contineat;
825 2365 892 2435 post
919 2356 1033 2415 febrem

37 2441 221 2517 perfacetum
243 2451 316 2518 turn,
339 2441 405 2501 cibo
427 2447 568 2516 assumto,
589 2438 667 2498 bibat
690 2457 806 2517 aquam
832 2448 953 2518 postero
974 2440 1032 2516 die,
1108 2505 1111 2518 ,

34 2523 71 2583 ab
93 2527 302 2585 exercitatione
320 2527 529 2603 unctioneque,
556 2541 629 2603 aqua
648 2532 755 2584 tanturn
775 2533 942 2599 contentus,
962 2542 1032 2584 con·

4 2615 23 2656 tt
32 2611 173 2686 quiescat.
208 2607 245 2668 Et
266 2608 295 2668 id
317 2610 431 2687 quidem
453 2609 589 2687 optimum
610 2617 664 2666 est.
703 2609 734 2666 si
758 2626 827 2668 vcro
849 2605 1032 2668 imbecillitas

32 2691 166 2769 urgebit,
186 2701 214 2752 et
230 2701 298 2770 post
313 2692 423 2752 febrem
440 2694 549 2768 vinum,
568 2701 596 2751 et
610 2691 705 2750 medio
720 2691 766 2752 die
779 2691 893 2770 paulurn
909 2692 966 2751 cibi
982 2691 1031 2752 de·

32 2775 113 2836 bebit
128 2794 285 2836 assumere.

387 3012 568 3074 CAPUT
600 3009 678 3072 XV.

353 3130 453 3179 Curatio
469 3137 605 3192 quartanae
620 3130 707 3178 febris.

4 3283 23 3329 ¹⁰
95 3279 206 3339 Eadem
230 3283 255 3338 in
277 3290 413 3358 quartana
433 3281 563 3341 facienda
584 3290 657 3341 sunt.
687 3281 744 3340 Sed
757 3266 841 3358 quum
859 3279 933 3338 haee
947 3279 1028 3338 tarde

32 3361 183 3425 admodum
197 3365 324 3436 liniatur,
347 3365 400 3424 nisi
416 3365 513 3443 primis
528 3363 629 3424 diebus
644 3364 772 3424 discussa
789 3375 848 3438 est,
865 3363 1028 3439 diligentins

32 3447 68 3506 ab
91 3449 173 3508 initio
190 3447 425 3526 praecipiendum
443 3458 502 3525 est,
532 3447 598 3526 quid
621 3449 649 3507 in
665 3466 699 3510 ea
715 3450 777 3509 lieri
797 3446 909 3510 debeat.
937 3446 1028 3522 Igitur
