2396 3904
304 255 307 261 ,
382 207 449 256 ιιιι.
464 205 538 254 unt.
556 205 630 254 cnr.
644 205 676 254 v.
692 207 737 254 ιιι.
894 215 897 220 ’
1004 193 1064 258 339

74 359 352 438 conglutinabitur,
370 359 548 437 intelligetur
563 359 678 438 quidem
696 358 879 437 exhumare,
898 363 945 442 qui
960 363 1064 422 multus

75 464 118 506 ex
134 444 254 504 vulnere
276 444 398 513 feretum
426 444 547 505 vulsella
575 461 647 503 vero
665 443 844 505 extrahetur:
866 445 1063 525 finitisqueiu·

74 526 324 603 damnationibus,
338 529 499 616 imponetur
516 527 621 606 aliquid
637 528 871 588 medicamentum
884 532 974 606 exiis,
991 547 1064 608 quae

75 613 183 672 leniter
198 614 363 690 reprimunt.
392 606 478 688 Pejus
493 620 537 672 est
555 611 604 672 ubi
619 620 666 670 aut
682 613 740 670 ossi
758 620 805 672 aut
828 613 987 690 cartilagini
1008 614 1064 674 ira·

47 706 146 756 setae
164 697 235 755 ontis
247 712 362 774 quoque
367 695 479 754 vulnus
494 696 627 756 accessit.
656 694 688 754 ld
712 695 860 763 admodum
876 715 943 758 raro
963 698 1003 756 lit.
1034 698 1064 756 Si

16 804 20 810 ¹
75 781 192 855 incidit,
208 779 257 840 illa
276 779 390 858 quidem
405 779 492 838 nihilo
505 780 595 857 minus
609 778 707 838 eadem
721 781 833 839 ratione
848 781 875 838 in
892 797 958 840 suas
978 781 1063 841 sedes

76 863 231 925 excitanda
247 871 327 923 sunt:
343 863 401 923 cuti
415 880 485 922 vero
501 863 790 940 'superimponendum
812 862 995 941 emplastrum
1013 865 1063 923 ali·

77 946 155 1024 quod
170 965 207 1006 ex
228 949 277 1021 lis,
301 965 374 1024 quae
389 946 554 1006 recentibus
577 945 740 1004 vulneribus
762 948 976 1007 accommodata
1001 957 1064 1007 sunt

77 1030 135 1108 (ef.
153 1029 188 1106 V,
203 1031 236 1098 2;
258 1031 306 1106 19,
324 1030 344 1106 ἓ
361 1030 433 1108 20):
452 1030 504 1090 sed
525 1031 642 1108 insuper
657 1029 736 1088 nullo
751 1029 866 1090 vinculo
883 1030 1064 1107 deligandum

5 1128 62 1204 ‘no
75 1123 126 1174 est
142 1111 204 1192 (lb.
225 1114 245 1190 ὃ
261 1114 328 1188 39).

432 1267 614 1328 CAPUT
651 1268 714 1330 VI.

439 1383 476 1432 De
494 1383 596 1433 auribus
608 1381 702 1432 fractis.

141 1533 173 1592 ln
188 1551 257 1592 aure
272 1549 387 1612 quoque
402 1533 540 1594 interdum
553 1533 690 1610 rumpitur
706 1533 856 1608 cartilago.
887 1531 970 1606 Quod
986 1531 1010 1592 si
1024 1533 1063 1592 in·

72 1617 163 1694 cidit,
179 1627 327 1696 antequam
345 1637 398 1695 pus
417 1619 539 1692 oriatur,
563 1616 763 1694 imponendum
779 1617 921 1693 glutinans
940 1615 1063 1678 mediea-

23 1717 59 1756 ιιι
72 1709 201 1764 mentum
217 1709 260 1760 est
275 1699 475 1780 (tttdgtop
490 1719 579 1778 saepe
593 1701 667 1759 enim
679 1698 1063 1779 suppurationemprohibet‚

73 1794 106 1846 et
127 1803 222 1846 aurem
242 1786 400 1844 oonlrrmat.
415 1784 488 1844 lllud
502 1793 530 1842 et
543 1785 571 1842 in
586 1784 639 1843 hae
652 1793 679 1843 et
692 1785 720 1844 in
735 1783 850 1843 naribus
865 1784 993 1860 ignorari
1006 1800 1065 1841 non

73 1877 210 1946 oportet;
234 1885 293 1927 non
308 1868 420 1949 quidem
437 1868 633 1944 cartilaginem
655 1869 745 1947 ipsam
762 1869 913 1944 glutinari,
931 1869 1008 1926 cirea
1022 1875 1062 1930 ta·

72 1970 143 2012 men
159 1969 274 2012 earnem
294 1952 476 2030 inerescere,
498 1951 672 2029 solidarique
691 1969 754 2010 eum
773 1952 877 2012 looum.
906 1950 1023 2028 ltaque,
1038 1951 1064 2008 si

76 2055 143 2095 cum
165 2045 229 2094 cute
251 2036 391 2112 cartilago
408 2044 490 2114 rupta
507 2044 568 2110 est,
593 2036 663 2094 cutis
679 2037 819 2112 utrimque
838 2035 936 2094 suitur.
981 2033 1064 2091 Nune

24 2139 60 2180 20
76 2129 173 2178 autem
190 2119 225 2178 de
242 2137 276 2180 ea
294 2118 375 2196 dico,
391 2134 481 2198 quae,
499 2127 564 2177 cute
580 2117 703 2194 integra,
720 2118 869 2194 frangitur
890 2115 922 2174 ln
939 2133 973 2175 ea
990 2133 1062 2174 vero

78 2205 103 2262 si
116 2205 175 2278 jam
192 2221 246 2282 pus
260 2212 354 2261 natum
369 2212 429 2278 est,
449 2200 606 2280 aperienda
621 2200 710 2259 altera
731 2210 811 2278 parte
838 2201 925 2274 cutis,
956 2201 1063 2277 etipsa

77 2287 221 2363 cartilago
238 2295 338 2346 eontra
354 2285 448 2344 lunata
464 2287 551 2364 plaga
568 2283 726 2344 excidenda
742 2292 785 2343 est
800 2283 841 2359 ¹:)
865 2243 967 2342 deiride
982 2289 1062 2340 uten-

74 2370 143 2430 dum
159 2380 202 2430 est
218 2370 424 2429 medicamento
439 2369 542 2428 leniter
559 2369 770 2446 supprimente,
788 2366 872 2444 quale
893 2365 998 2463 lqcium
1019 2373 1065 2424 est

73 2471 152 2532 aque
175 2453 305 2528 dilutum,
330 2453 423 2512 donec
443 2455 560 2529 sanguis
583 2451 673 2510 liuere
689 2450 815 2511 desinat:
839 2459 896 2508 tum
915 2450 1062 2528 imponen-

25 2555 61 2596 25
75 2539 143 2598 dum
158 2535 306 2596 linteolum
317 2555 379 2596 oum
394 2535 551 2612 emplastro
567 2536 620 2610 sio,
636 2543 664 2593 ut
679 2535 785 2613 pingue
799 2551 883 2593 omne
897 2532 1015 2602 vitetur;
1035 2541 1064 2592 et

74 2630 196 2700 aparte
224 2620 388 2698 posteriore
411 2619 475 2678 lana
490 2618 586 2678 mollis
608 2619 668 2676 auri
688 2617 867 2696 subjicienda
889 2625 951 2692 est,
977 2635 1062 2694 quae,

75 2704 156 2784 quod
172 2712 215 2763 est
227 2705 300 2762 inter
315 2703 389 2762 hanc
406 2711 434 2761 et
452 2712 553 2781 eaput,
573 2701 731 2779 compleat:
759 2711 818 2760 turn
839 2719 872 2761 ea
894 2700 997 2760 leniter
1013 2701 1062 2762 de-

75 2788 193 2864 liganda
204 2796 262 2855 est:
277 2796 331 2846 eta
345 2787 429 2846 tertio
442 2785 621 2864 dieuapore,
630 2795 661 2844 ut
672 2786 699 2844 in
707 2785 822 2846 naribus
830 2785 914 2862 posui
925 2785 1004 2861 (oap.
1015 2785 1062 2861 5),

74 2870 212 2933 fovenda.
249 2871 345 2947 Atque
366 2870 394 2928 in
414 2869 458 2929 his
479 2887 595 2949 quoque
609 2868 765 2945 generibus
785 2865 958 2926 abstinentia
978 2869 1061 2943 primi

30 2967 62 3010 ³0
76 2955 218 3033 temporis
248 2955 414 3016 necessaria
430 2962 491 3030 est,
524 2952 618 3012 donee
640 2951 821 3011 inflammatio
837 2950 957 3008 finiatur.

71 3081 274 3095 ......-..ιιι-

146 3137 176 3202 1)
191 3133 314 3219 Tpiqtow
328 3130 378 3202 piru
393 3126 469 3200 ὑγιὲς
485 3134 606 3218 γίνεται,
633 3125 670 3216 a'p'p
685 3151 727 3194 τις
748 3148 837 3216 atqpqv
862 3130 1062 3214 dtqaotqoq...

62 3200 127 3286 Ἢνι
137 3200 168 3256 δὲ
184 3223 222 3272 μη
212 3199 329 3288 πέρην
343 3204 465 3270 καίηται,
483 3200 598 3270 τάμνειν
610 3197 663 3271 χρὴ
676 3198 707 3254 τὸ
721 3196 857 3268 μετέωρον
869 3191 906 3270 μή
919 3191 995 3251 πάνυ
1004 3213 1063 3266 opt·

72 3267 149 3344 κρὴιι
166 3269 262 3342 τομήν
298 3276 373 3342 Hipp.
393 3278 434 3326 De
449 3277 522 3326 artie.
542 3275 619 3338 §40-
