2372 3892
126 199 187 263 332
417 211 450 258 x.
466 209 497 258 c.
513 209 612 258 cacan
630 207 825 256 aanrcmsn

124 367 190 444 guis
205 365 357 441 siguificat.
385 365 467 442 Ergo
486 373 544 424 tarn
567 365 671 424 lentius
690 362 820 423 ducenda
838 359 967 434 habena,
995 379 1112 438 snspen-

124 448 277 526 dandaque
292 450 384 524 magis
402 450 514 508 sinistra
530 465 630 506 manus
643 456 703 522 est,
719 455 749 505 et
762 447 878 524 saepius
891 445 1072 506 attollenda.
1083 445 1114 504 ‘et

123 533 273 592 foraminis
288 532 406 591 altitudo
423 530 646 598 consideranda;
672 539 702 589 ut
723 531 965 608 quandocumque
991 544 1027 587 os
1055 545 1114 606 per·

124 624 287 695 rumpatur,
303 617 474 690 sentiamus,
497 631 593 692 neque
615 613 828 692 periclitemur,
851 630 886 671 ne
904 629 1050 672 macrone
1072 629 1115 670 ee

123 699 202 760 rebri
227 699 391 758 membrana
415 698 559 758 laedatur:
588 715 626 757 ex
660 714 718 776 quo
746 712 853 773 graves
875 696 1134 755 inflammationem

125 801 188 844 eum
199 783 438 861 periculomortis
450 783 587 842 oriuntur.
604 779 701 840 Factis
709 779 906 854 foraminibus,
915 780 1114 840 eodemmodo

123 865 217 927 media
233 875 327 944 septa,
345 866 396 926 sed
412 865 501 924 multo
521 866 775 943 circumspectius,
793 863 956 924 excidenda
975 873 1062 938 sunt,
1082 882 1115 922 ne

123 951 200 1010 forte
214 949 461 1028 angulus-scalpri
477 946 607 1009 eamdem
619 947 811 1008 membranam
828 948 934 1015 violet;
951 948 1054 1007 donec
1071 949 1114 1008 list

124 1035 233 1110 aditus,
254 1051 409 1111 perquem
429 1031 610 1092 membranae
625 1030 724 1092 custos
743 1032 921 1099 immittatur;
949 1049 1115 1110 μηνιγγο-

124 1108 260 1195 φύλακα
278 1116 383 1176 Graeci
398 1125 514 1176 vocant.
546 1116 659 1176 Lamina
675 1119 765 1175 aenea
787 1123 849 1190 est,
870 1115 970 1190 firma,
999 1115 1142 1192 paulnmu

123 1202 238 1276 resima,
255 1199 291 1259 ab
307 1201 454 1260 exteriore
469 1208 552 1277 parte
568 1198 674 1267 laevior
700 1217 774 1276 qnae
800 1198 924 1257 demissa
940 1199 1002 1274 sic,
1016 1206 1051 1256 nt
1069 1215 1115 1256 ex·

124 1283 215 1342 terior
231 1299 298 1360 pars
317 1284 382 1357 ejus
401 1283 523 1342 cerebro
544 1284 666 1370 propior
683 1285 733 1358 sit,
757 1280 877 1340 subinde
899 1283 926 1342 ei
950 1281 1115 1358 subjicitur,

124 1365 201 1445 quod
215 1366 333 1445 scalpro
349 1366 557 1426 discutiendnm
572 1374 632 1425 est:
647 1383 699 1442 ac,
716 1368 741 1424 si
758 1366 866 1444 excipit
887 1366 950 1440 ejus
967 1363 1113 1441 anguium,

124 1450 197 1510 ultra
211 1451 334 1510 transire
351 1467 408 1508 non
425 1451 544 1528 patitur:
561 1465 656 1527 eoque
668 1458 697 1507 et
713 1449 858 1524 audacius,
878 1457 907 1507 et
921 1451 1021 1523 tutius,
1041 1447 1113 1506 scal-

122 1551 204 1611 prum
225 1533 364 1593 malleolo
385 1533 513 1592 medicus
537 1532 658 1593 subinde
679 1532 760 1609 ferit,
783 1531 877 1591 donec
892 1532 1021 1610 undique
1034 1533 1141 1594 exui-ra

123 1635 185 1676 sunu
202 1635 236 1678 os
253 1617 355 1678 eadem
377 1617 479 1675 lamina
497 1614 624 1692 leretur,
642 1615 763 1694 tollique
778 1616 840 1674 sine
855 1615 915 1674 ulla
931 1631 1011 1674 noxa
1030 1631 1111 1673 cere·

123 1700 167 1760 bri
184 1702 288 1778 possit.
319 1700 374 1761 Ubi
389 1708 478 1759 totum
490 1716 524 1758 os
548 1701 673 1774 ejectum
692 1698 757 1775 est,
780 1697 1039 1759 circumradendae
1056 1699 1113 1756 lar·

122 1783 295 1861 randaeque
317 1801 388 1843 orae
415 1792 497 1858 sunt,
520 1791 567 1858 et,
591 1785 615 1842 si
634 1782 701 1861 quid
715 1781 814 1844 scobis
832 1781 1019 1842 membranae
1036 1782 1112 1840 inse·

124 1865 179 1942 dit,
199 1865 406 1942 colligendum.
435 1865 501 1943 Ubi,
517 1868 670 1944 superiore
685 1875 767 1945 parte
781 1865 910 1941 sublata,
928 1865 1054 1924 inferior
1070 1882 1111 1924 re·

123 1949 192 2009 licta
210 1958 271 2023 est,
287 1965 345 2010 uon
361 1967 431 2010 orae
448 1958 569 2026 tanturn,
586 1948 638 2010 sed
659 1967 693 2010 cs
708 1965 823 2029 quoque
839 1958 926 2009 totum
938 1949 1139 2008 laevandumro

124 2040 182 2102 est;
201 2042 231 2092 ut
246 2034 307 2093 sine
323 2051 399 2094 noxa
417 2042 520 2112 postea
543 2035 616 2092 entis
642 2034 802 2108 increscat,
829 2051 903 2111 quae
924 2048 1033 2110 aspero
1055 2033 1112 2092 ossi

122 2117 276 2177 innascens
293 2119 422 2195 protinus
436 2135 493 2177 non
509 2118 673 2194 sanitatem,
689 2117 741 2176 sed
756 2133 848 2176 novos
861 2116 982 2176 dolores
1004 2125 1112 2186 movet.

122 2198 271 2261 Patefacto
295 2198 433 2277 cerebro,
451 2218 505 2278 qua
527 2201 637 2261 ratione
659 2200 800 2276 agendum
825 2201 876 2276 sit,
898 2200 1001 2274 dicam,
1026 2217 1112 2277 quum

122 2281 261 2352 adfracta
284 2301 352 2343 ossa
375 2301 495 2342 venero.
527 2284 557 2342 Si
578 2283 656 2343 basis
678 2284 772 2362 aliqua
788 2292 903 2344 servata
919 2290 982 2357 est,
1008 2300 1111 2360 super·

122 2366 295 2442 imponenda
312 2375 376 2432 sunt
390 2365 597 2426 medicamenta
612 2385 669 2426 non
690 2367 822 2445 pinguia,
846 2383 920 2444 quae
939 2365 1138 2425 recentibusm

121 2449 1110 2528 vulneribusaccomnrodantur:supraqueimponendalanasucoida,

123 2531 191 2591 oleo
213 2541 300 2609 atque
321 2543 404 2592 aceto
430 2533 558 2593 madens.
589 2534 645 2594 Ubi
667 2543 780 2611 tempus
799 2534 962 2612 processit,
985 2533 1022 2592 ab
1043 2533 1110 2612 ipso

123 2631 191 2673 osse
209 2631 277 2673 caro
294 2616 448 2688 increscit,
468 2633 561 2694 eaque
575 2618 681 2677 lactum
700 2634 783 2675 manu
801 2619 891 2676 sinum
910 2616 1052 2694 complet.
1081 2615 1110 2674 Si

123 2696 299 2775 quodetiam
321 2715 355 2756 os
379 2698 509 2758 adustum
526 2710 587 2776 cst,
604 2719 619 2760 a
638 2709 719 2779 parte
736 2718 808 2760 sana
819 2700 955 2767 recedita
973 2699 1109 2777 subitque

122 2781 195 2840 iuter
207 2782 350 2857 integram
365 2789 452 2860 atque
464 2792 621 2842 emortuam
635 2792 743 2863 partem
759 2784 925 2858 caruncula,
934 2782 1137 2861 qnae‚quodao

122 2863 276 2943 abscessit,
295 2864 425 2944 expellit.
454 2865 554 2926 Potest
575 2869 659 2926 etiam
682 2868 814 2942 evenire,
837 2875 867 2926 ut
888 2885 925 2926 ex
941 2869 1000 2926 ictu
1013 2883 1108 2944 neque

122 2949 244 3010 findatur
259 2967 309 3027 os,
329 2967 424 3028 neque
441 2950 651 3028 perfringaturr
678 2948 730 3010 sed
753 2967 888 3008 summum
907 2958 1006 3010 tamen
1026 2949 1107 3009 colli·

122 3031 220 3106 datur,
237 3043 493 3112 exasperaturque.
529 3032 613 3106 Quod
623 3033 672 3092 ubi
687 3033 801 3109 incidit,
815 3032 877 3092 radi
894 3033 1047 3092 etlacvari
1063 3049 1107 3090 sa-

122 3115 159 3172 tis
174 3125 228 3173 est.
261 3116 341 3176 llaec
356 3118 485 3195 quamvis
498 3117 621 3175 maxime
636 3116 704 3176 liunt
716 3119 745 3176 in
759 3119 870 3194 eapite,
886 3125 982 3175 tamen
999 3117 1107 3176 ceteris

123 3211 237 3273 quoque
259 3200 372 3259 ossibus
401 3201 558 3260 communia
587 3208 666 3258 sunt:
697 3209 744 3276 ut,
764 3200 945 3277 ubicumque
969 3198 1045 3259 idem
1064 3200 1134 3260 ιιι-ιι

122 3278 206 3352 cidit,
238 3277 340 3338 eodem
360 3282 489 3341 remedio
510 3282 547 3342 sit
570 3281 712 3344 utendum.
744 3283 886 3362 At'quae
918 3284 1028 3360 fracta,
1059 3282 1104 3341 lis·

121 3377 170 3438 sn,
191 3360 302 3436 forata,
326 3361 427 3422 collisa
442 3374 526 3440 sunt,
554 3365 690 3444 quasdam
704 3369 838 3444 proprias
859 3368 888 3426 in
908 3366 1032 3444 singulis
1053 3382 1104 3442 ge·

120 3443 256 3522 neribus,
288 3445 424 3522 quasdam
446 3465 612 3510 communes
634 3451 665 3510 in
680 3450 810 3529 pluribus
825 3452 992 3512 curationes
1009 3448 1104 3527 requi·
