2392 3906
391 183 695 232 mmmm
989 173 1048 236 m

30 339 91 400 vel
108 339 140 398 io
158 355 259 418 aquam
277 337 412 414 calidam,
436 340 464 398 iu
480 356 536 417 qua
550 338 664 400 foedum
680 357 818 416 graecum
833 339 985 402 decoctum
1000 340 1047 416 sit,
1151 385 1154 392 Δ

33 433 69 484 ει
89 421 213 500 adjecta
230 423 288 480 olei
304 439 371 500 pars
388 424 483 483 tertia
516 422 608 482 Alvus
624 441 739 502 quoque
755 425 840 484 ducta
855 427 945 503 'saepe
961 442 1047 502 supa·

31 508 145 566 riores
174 516 273 584 partes
299 506 430 566 resolvit.
475 508 602 567 Slvere
629 509 712 568 etiam
738 509 937 568 vehementius
963 509 1048 568 dolor

34 592 162 666 crevit,
178 590 375 650 adruoveudae
391 589 557 650 cervicibus
571 591 766 653 cucurbitulae
781 602 862 668 eunt,
879 595 921 652 sic
932 602 962 652 ut
974 594 1047 652 cutis

4 674 212 760 sincidqtur:
236 675 337 734 eadem
352 683 400 735 aut
417 675 616 750 ferramentis,
633 685 680 735 aut
695 678 787 754 sinapi
804 677 958 737 adurenda.
992 675 1048 736 Ubi

31 759 168 819 levatus
192 768 238 817 est
261 757 367 834 dolor,
400 761 569 837 moverique
598 761 699 818 cervix
723 762 841 838 coepit,
875 762 950 820 scire
979 760 1049 820 licet

33 841 162 902 cedere
183 841 318 901 remediis
334 842 472 902 morbum.
510 843 569 902 Sed
587 842 633 902 diu
652 843 781 904 vitandus
799 843 896 919 cibus,
919 844 1049 922 quisquis

32 925 228 986 mandendus
244 935 299 984 est.
332 927 545 987 Sorbitionibus
560 928 710 1004 utendum,
733 930 858 1006 itemque
877 930 940 987 ovis
955 927 1047 986 sorbi-

34 1009 145 1084 mous,
169 1018 217 1067 aut
236 1009 387 1079 mollibus;
412 1013 460 1087 jus
482 1009 598 1089 aliquod
624 1013 833 1072 assumendum.
871 1010 903 1071 ld
926 1013 949 1071 si
972 1011 1048 1070 bene

1 1109 23 1149 m
36 1093 252 1172 processerit,
271 1094 389 1172 jamque
412 1113 449 1154 ex
469 1104 531 1155 toto
548 1103 630 1153 recte
645 1114 678 1154 se
695 1095 804 1156 habere
820 1096 954 1154 cervices
969 1095 1048 1154 vide·

33 1178 174 1252 buntur,
189 1177 379 1253 incipiendum
397 1179 450 1238 erit
465 1197 480 1238 a
496 1174 650 1256 pulticula,
667 1179 714 1238 vel
729 1180 823 1240 intrita
839 1178 913 1238 bene
926 1178 1048 1238 madida.

36 1260 191 1322 Celerius
207 1269 302 1319 tamen
318 1263 403 1320 etiam
420 1263 501 1340 panis
516 1262 708 1338 mandendus,
725 1281 809 1341 quarn
824 1263 918 1322 vinum
933 1271 1048 1338 gustan-

35 1343 133 1406 d‘um:
165 1343 304 1421 siquidem
327 1344 411 1421 hujus
434 1364 502 1405 usus
522 1347 682 1424 praecipue
695 1348 903 1426 'periculosum
924 1347 1049 1424 ideoque

36 1431 70 1488 in
89 1427 212 1504 longius
226 1437 338 1506 tempus
353 1429 529 1490 differendus
545 1439 599 1490 est.

14 1685 27 1722 ⁵
330 1665 513 1730 eaeor
545 1668 627 1728 vn
650 1667 774 1746 [unq.

244 1785 280 1833 De
299 1783 408 1833 launoium
424 1786 531 1834 morbis:
550 1795 574 1834 et
591 1788 699 1850 primum
715 1787 746 1834 de
762 1785 863 1848 angina.

116 1933 157 1994 Ut
178 1934 235 1996 boo
259 1946 353 1996 autem
372 1936 465 1996 morbi
487 1955 581 2014 genus
604 1939 681 1998 circa
705 1947 793 1998 totam
816 1936 977 2012 cervicem,
1009 1936 1052 1994 sic

42 2019 193 2095 alterum,
211 2037 304 2098 aeque
320 2020 489 2099 pestiferum
504 2031 690 2099 acutumque,
706 2024 734 2080 in
748 2021 879 2081 lancibus
898 2037 964 2078 esse
983 2036 1050 2078 con·

42 2105 160 2162 suerit.
190 2103 289 2162 Nostri
308 2105 453 2183 copinam
467 2115 588 2165 vocant:
609 2106 684 2182 apud
702 2105 831 2164 Graecos
846 2120 951 2162 nomen
967 2111 1053 2180 prout

5 2205 32 2246 co
44 2187 176 2266 species
190 2195 243 2246 est.
279 2187 421 2248 Interdum
438 2189 511 2249 enim
525 2206 621 2266 neque
636 2187 742 2262 rubor,
760 2204 855 2265 neque
870 2196 962 2245 tumor
976 2185 1052 2244 ullus

42 2279 193 2349 apparet;
216 2271 269 2342 sed
288 2288 395 2350 eorpus
410 2273 518 2333 aridum
534 2281 596 2347 est,
618 2273 668 2330 vix
683 2273 801 2349 spiritus
815 2270 950 2343 trahitur,
965 2285 1052 2326 mem·

42 2355 105 2414 bra
122 2353 288 2415 solvuntur:
305 2356 333 2415 id
347 2349 519 2435 συνάγχην
536 2365 648 2416 vocant.
670 2355 814 2414 Interdum
827 2353 924 2428 lingua
938 2351 1051 2410 lauces·
1123 2401 1129 2410 .

45 2455 113 2517 que
130 2455 195 2496 cum
210 2438 317 2498 rubore
332 2441 537 2515 intumescunt,
560 2457 619 2499 vox
634 2439 703 2498 nibil
719 2438 877 2514 siguificat,
894 2435 971 2494 oculi
987 2452 1052 2494 ver·

45 2531 169 2596 tumtur,
187 2521 277 2581 iacies
294 2523 399 2601 pallet,
415 2524 616 2602 singultusque
631 2532 691 2581 est:
714 2523 741 2582 id
755 2512 926 2598 κυνάγχην
936 2527 1052 2579 vocant.

10 2605 108 2666 aallla
133 2607 291 2666 eommunia
312 2617 390 2666 sunt:
412 2625 502 2683 aeger
524 2625 581 2666 non
597 2605 689 2666 cibum
706 2607 862 2680 devorare,
887 2621 945 2662 non
961 2603 1054 2680 potio·

47 2707 121 2750 nem
136 2699 250 2767 potest;
269 2692 387 2768 spiritus
400 2693 463 2767 ejus
475 2689 684 2754 intercluditur.
704 2688 809 2748 Levius
823 2698 882 2763 ost,
899 2687 948 2746 ubi
961 2696 1054 2746 tumor

47 2769 252 2834 tantummodo
275 2775 422 2852 ruborque
441 2785 501 2850 est,
527 2784 626 2834 cetera
642 2791 699 2832 non
716 2782 888 2850 sequuntur:
909 2770 938 2830 id
953 2787 1054 2848 παρα-

48 2849 230 2936 συνάγχην
245 2859 402 2937 appellant.
441 2858 585 2938 Quidquid
602 2867 662 2933 est,
681 2859 705 2916 si
720 2858 798 2915 vires
814 2859 974 2933 patiuntur,
990 2870 1054 2910 san-

49 2942 122 3018 guis
137 2943 292 3002 mittendus
308 2952 367 3002 est:
386 2942 541 3002 secundom
558 2951 603 3000 est
619 2941 727 3001 ducere
739 2940 833 2999 alvum
848 2937 902 3013 (oi.
914 2934 993 3009 Vlll,
1009 2933 1054 3009 9).

15 3043 40 3084 so
52 3023 246 3086 Cucurbitula
265 3044 381 3105 quoqne
397 3036 478 3086 recte
497 3025 549 3085 snb
564 3034 679 3099 mento,
703 3033 732 3082 et
748 3023 826 3081 circa
843 3021 942 3079 lances
959 3018 1054 3078 admo·

50 3117 160 3183 vetur,
186 3118 216 3167 ut
237 3111 265 3169 id
288 3110 365 3188 quod
382 3111 557 3186 strangulat,
581 3116 697 3167 evocet.
735 3104 815 3183 Opus
832 3114 876 3163 est
891 3103 995 3164 deinde
1012 3101 1055 3161 lo-

50 3194 162 3252 mentis
180 3192 316 3253 humidis:
339 3211 403 3252 nam
418 3195 496 3254 sicca
513 3193 643 3270 spiritum
661 3188 778 3249 elidunt.
802 3187 882 3266 Ergo
900 3188 1057 3249 admovere

51 3277 198 3354 spongias
223 3287 355 3354 oportet;
377 3295 452 3356 quae
477 3276 578 3336 melius
601 3276 629 3333 in
651 3272 772 3332 calidum
794 3272 906 3348 oleum,
929 3289 1013 3350 quam
1029 3271 1057 3326 in

2 3369 3 3375 ’
54 3359 183 3421 calidam
211 3378 313 3440 aquam
339 3361 460 3421 subinde
485 3361 682 3421 demittuntur:
711 3356 989 3432 efficacissimusque
1013 3360 1058 3410 est

19 3459 44 3500 es
54 3443 105 3504 lrio
120 3461 238 3524 quoque
254 3445 323 3510 salis
339 3444 450 3506 calidus
466 3461 571 3504 succus
586 3442 641 3521 (cl.
654 3439 739 3520 Hipp.
760 3439 835 3500 Vict.
850 3446 911 3499 rot.
925 3438 957 3498 io
974 3440 1056 3495 acui.

97 3549 205 3589 census.
