2372 3892
151 197 212 262 250
434 207 467 257 Δ.
483 207 513 256 0.
531 207 631 256 coust
646 205 840 256 sauromata

151 363 280 437 alumen,
307 359 356 421 vel
378 359 526 436 chalcitis,
554 361 601 419 uel
622 369 806 420 atramentum
827 361 985 420 sutorium.
1032 357 1153 419 Prodest

151 447 237 506 etiam
256 446 348 505 lantes
367 453 396 505 et
416 443 587 504 abstinentia
608 453 710 522 quanta
732 445 851 503 maxima
874 445 1024 522 imperari
1048 449 1151 520 potest.

152 528 240 591 Cibus
264 545 331 588 esse
347 526 434 588 debet
448 527 537 587 lenis:
559 527 594 586 ad
610 527 759 605 purganda
773 537 867 588 tamen
883 527 994 587 ulcera
1012 526 1152 585 interdum

152 630 255 676 caseus
271 631 308 673 en
322 611 409 675 melle
424 620 505 672 recte
521 610 613 671 datur.

469 851 678 913 CAPUT
716 851 836 918 XII..

493 967 529 1016 De
545 965 648 1033 linguae
664 967 798 1016 ulceribus.

214 1119 341 1193 Linguae
362 1133 478 1194 quoque
502 1118 601 1178 ulcera
627 1134 684 1190 non
712 1117 776 1177 aliis
804 1115 1035 1176 medicamentis
1063 1121 1151 1190 egent,

153 1212 236 1278 quam
252 1217 325 1277 quae
342 1200 432 1277 prima
448 1211 531 1278 parte
547 1203 708 1280 superioris
725 1201 828 1278 capitis
841 1202 980 1278 expositu
995 1207 1084 1258 suut.
1104 1194 1151 1255 Sed

151 1301 226 1361 quae
243 1286 269 1341 in
285 1282 376 1342 latere
394 1284 457 1357 ejus
473 1295 644 1358 nascuntur,
660 1283 818 1343 diutissime
835 1283 946 1342 durant.
973 1281 1150 1342 Videndum·

152 1384 209 1444 que
230 1375 276 1426 est
298 1385 363 1425 num
386 1376 485 1427 contra
508 1369 579 1427 dens
599 1369 702 1446 aliquis
722 1368 832 1427 acutior
845 1369 896 1442 sit,
919 1369 972 1444 qui
987 1379 1170 1425 sanescerea

152 1467 242 1532 saepe
258 1450 341 1512 ulcus
355 1467 392 1510 eo
410 1450 477 1511 loco
493 1469 551 1511 non
566 1452 647 1520 siuit;
671 1450 795 1530 ideoque
814 1449 957 1512 limandus
978 1459 1044 1509 est.

478 1687 659 1751 CAPUT
694 1689 816 1749 XIII.

352 1803 389 1853 De
404 1803 561 1869 parulidibus
579 1814 602 1853 et
616 1805 775 1854 ιιΙειιίιιιιιι
757 1806 820 1870 ging
822 1806 928 1853 inarum

212 1952 314 2014 Solent
337 1956 421 2014 etiarn
436 1953 576 2014 interdum
590 1957 679 2035 juxta
687 1909 812 2014 dentes
805 1973 832 2012 ιιι
848 1952 976 2030 gingivis
993 1951 1147 2012 tubercula

152 2037 291 2117 quaedum
308 2038 375 2097 orirr
368 2038 532 2098 ’'dolentia:
549 2036 753 2118 παρουλίδας
766 2039 869 2098 Graeci
882 2035 1054 2115 appellant.
1077 2037 1169 2094 ilaeuo

150 2123 230 2182 initio
256 2121 360 2180 leniter
382 2122 444 2182 sole
466 2122 590 2181 contrito
613 2122 773 2198 perfricare
799 2129 931 2200 oportet;
957 2128 1007 2178 aut
1027 2121 1108 2180 inter
1122 2135 1147 2176 se

150 2207 245 2266 mixtis
270 2205 333 2264 sale
361 2205 454 2264 icssili
480 2204 653 2282 combusto,
683 2221 846 2283 cupresso,
876 2212 1001 2282 nepeta;
1049 2203 1148 2284 deiude

151 2290 252 2350 eluere
273 2306 306 2348 cs
329 2305 460 2348 cremore
482 2288 653 2362 lenticulae,
680 2297 709 2348 et
729 2289 804 2347 inter
824 2288 897 2347 hauc
918 2286 1020 2364 hiare,
1060 2289 1147 2348 donec

151 2375 273 2452 pituitae
284 2373 354 2430 satis
372 2372 506 2450 profluat.
545 2371 576 2430 ln
592 2373 702 2446 maiore
718 2389 789 2430 vero
805 2371 1032 2430 inllarnnrutioue
1050 2371 1146 2430 iisden

150 2455 365 2515 medicamentis
378 2455 510 2515 utendum
527 2464 585 2530 est,
610 2465 684 2534 quae
701 2455 736 2514 ad
755 2456 853 2514 ulcera
869 2456 929 2514 oris
943 2472 1038 2532 supra
1058 2456 1167 2534 positas

152 2547 216 2598 sunt
229 2538 310 2615 (cap.
324 2536 394 2616 Xl):
411 2549 440 2598 et
458 2539 552 2599 mollis
569 2539 713 2599 linamenti
735 2527 849 2636 paulurn
867 2537 1086 2597 involvendum
1104 2537 1146 2595 ali·

151 2637 206 2699 qua
223 2623 434 2697 compositione
449 2640 486 2681 ex
505 2624 540 2682 iis
558 2640 629 2700 quas
646 2612 796 2702 ἀνθηρᾶς
812 2623 912 2680 vocari
932 2621 990 2680 dini
1006 2621 1060 2698 (p.
1080 2621 1145 2695 249,

150 2704 170 2764 l
186 2703 238 2781 4);
255 2702 516 2782 demittendumque
527 2707 575 2766 id'
567 2716 641 2766 rnter
652 2706 766 2765 dentem
782 2716 810 2765 et
825 2706 980 2794 gingivanr.
1019 2702 1145 2778 Quod
1126 2719 1145 2759 ιι

149 2797 244 2850 tumor
257 2787 286 2847 id
299 2787 473 2867 prohibebit,
492 2792 672 2849 extrinsecus
682 2788 877 2849 admovendus
888 2790 941 2847 erit
956 2787 1089 2865 spungia
1103 2803 1144 2844 va·

99 2864 104 2878 ’
149 2873 323 2954 percalidus
325 2873 606 2950 ‚imponendumque
617 2881 753 2933 ceratum.
775 2874 805 2931 Si
817 2873 985 2950 suppuratio
998 2889 1032 2928 se
1049 2879 1143 2930 osten
1135 2881 1166 2920 s

150 2959 214 3035 det,
230 2958 334 3018 diutius
346 2975 381 3017 eo
394 2974 504 3035 vapore
516 2957 649 3015 utendum
666 2958 735 3026 erit;
752 2965 780 3014 et
796 2954 996 3015 continendum
1007 2970 1066 3014 ore
1081 2953 1142 3013 cali·

150 3041 214 3100 dum
229 3043 372 3102 mulsum
364 3060 392 3100 m
409 3059 465 3120 quo
486 3041 556 3099 dous
572 3040 693 3100 decocta
710 3041 760 3099 sit:
783 3039 868 3117 idque
884 3037 1088 3096 subcrudum
1079 3038 1142 3096 ruci-

150 3122 271 3197 dendum
276 3124 848 3202 ne,sidiutiusibipuspermanserit‚
866 3120 1019 3181 oslaedat.
1062 3119 1142 3196 Quod

151 3205 174 3263 si
192 3207 283 3278 major
298 3209 323 3264 is
340 3217 433 3266 tumor
448 3218 507 3285 est,
525 3207 702 3267 commodius
721 3216 798 3266 totus
821 3206 1001 3265 exciditur'
977 3223 1033 3280 sic,
1062 3215 1094 3266 ut
1110 3221 1142 3264 en

150 3297 270 3364 utraque
282 3297 364 3364 parte
377 3289 447 3348 dens
457 3291 605 3351 liberetur.
629 3290 703 3350 Pure
720 3299 846 3367 exemtc,
859 3308 882 3349 sr
877 3290 970 3349 levis
982 3289 1073 3366 plaga
1090 3297 1165 3362 estu

151 3373 219 3430 satis
232 3378 277 3428 est
297 3387 348 3430 cre
369 3372 487 3433 calidam
503 3393 603 3452 aquarn
620 3376 782 3452 continere,
800 3382 829 3432 et
844 3375 1024 3432 extrinsecus
1038 3373 1139 3432 lovere

151 3455 253 3515 eodem
269 3472 396 3534 vapore;
419 3459 443 3516 si
456 3459 548 3532 major
565 3468 624 3534 est,
642 3456 796 3518 lenticulae
811 3473 943 3518 cremore
959 3458 1013 3534 uti,
1027 3456 1138 3518 iisdem·
