<?xml version="1.0" encoding="UTF-8"?>
<!DOCTYPE html PUBLIC "-//W3C//DTD XHTML 1.0 Transitional//EN"
    "http://www.w3.org/TR/xhtml1/DTD/xhtml1-transitional.dtd">
<html xmlns="http://www.w3.org/1999/xhtml" xml:lang="en" lang="en">
 <head>
  <title>
</title>
<meta http-equiv="Content-Type" content="text/html;charset=utf-8" />
  <meta name='ocr-system' content='tesseract 3.04.00' />
  <meta name='ocr-capabilities' content='ocr_page ocr_carea ocr_par ocr_line ocrx_word'/>
</head>
<body>
  <div class='ocr_page' id='page_1' title='image "./demedicinalibri00daregoog_0337.png"; bbox 0 0 2372 3892; ppageno 0'>
   <div class='ocr_carea' id='block_1_1' title="bbox 399 199 1045 264">
    <p class='ocr_par' dir='ltr' id='par_1_1' title="bbox 399 199 1045 264">
     <span class='ocr_line' id='line_1_1' title="bbox 399 199 1045 264; baseline 0.011 -9"><span class='ocrx_word' id='word_1_1' title='bbox 399 204 542 256; x_wconf 72' lang='lat' dir='ltr'>maun.</span> <span class='ocrx_word' id='word_1_2' title='bbox 564 209 640 258; x_wconf 79' lang='lat' dir='ltr'>cnr.</span> <span class='ocrx_word' id='word_1_3' title='bbox 656 211 703 259; x_wconf 83' lang='lat' dir='ltr'>rx.</span> <span class='ocrx_word' id='word_1_4' title='bbox 984 199 1045 264; x_wconf 77' lang='lat'>285</span> 
     </span>
    </p>
   </div>
   <div class='ocr_carea' id='block_1_2' title="bbox 38 361 1047 447">
    <p class='ocr_par' dir='ltr' id='par_1_2' title="bbox 38 361 1047 447">
     <span class='ocr_line' id='line_1_2' title="bbox 38 361 1047 447; baseline 0.006 -24"><span class='ocrx_word' id='word_1_5' title='bbox 38 381 140 424; x_wconf 82' lang='lat' dir='ltr'>rurum</span> <span class='ocrx_word' id='word_1_6' title='bbox 157 362 312 422; x_wconf 77' lang='lat' dir='ltr'>adducere.</span> <span class='ocrx_word' id='word_1_7' title='bbox 340 361 445 423; x_wconf 86' lang='lat' dir='ltr'>Sinon</span> <span class='ocrx_word' id='word_1_8' title='bbox 460 365 529 422; x_wconf 87' lang='lat' dir='ltr'>satis</span> <span class='ocrx_word' id='word_1_9' title='bbox 547 365 720 443; x_wconf 78' lang='lat' dir='ltr'>junguntur,</span> <span class='ocrx_word' id='word_1_10' title='bbox 742 365 815 426; x_wconf 84' lang='lat' dir='ltr'>ultra</span> <span class='ocrx_word' id='word_1_11' title='bbox 836 367 946 445; x_wconf 83' lang='lat' dir='ltr'>lineas,</span> <span class='ocrx_word' id='word_1_12' title='bbox 976 386 1047 447; x_wconf 83' lang='lat' dir='ltr'>quas</span> 
     </span>
    </p>
   </div>
   <div class='ocr_carea' id='block_1_3' title="bbox 8 445 1049 2619">
    <p class='ocr_par' dir='ltr' id='par_1_3' title="bbox 8 445 1049 2619">
     <span class='ocr_line' id='line_1_3' title="bbox 42 445 1047 528; baseline 0.005 -21"><span class='ocrx_word' id='word_1_13' title='bbox 42 457 119 508; x_wconf 87' lang='lat' dir='ltr'>aute</span> <span class='ocrx_word' id='word_1_14' title='bbox 143 447 281 524; x_wconf 78' lang='lat' dir='ltr'><strong>fecimus,</strong></span> <span class='ocrx_word' id='word_1_15' title='bbox 308 447 378 506; x_wconf 88' lang='lat' dir='ltr'>alias</span> <span class='ocrx_word' id='word_1_16' title='bbox 404 445 476 505; x_wconf 85' lang='lat' dir='ltr'>duas</span> <span class='ocrx_word' id='word_1_17' title='bbox 498 447 625 524; x_wconf 89' lang='lat' dir='ltr'>lunatas,</span> <span class='ocrx_word' id='word_1_18' title='bbox 649 458 678 508; x_wconf 93' lang='lat' dir='ltr'>et</span> <span class='ocrx_word' id='word_1_19' title='bbox 699 449 734 509; x_wconf 88' lang='lat' dir='ltr'>ad</span> <span class='ocrx_word' id='word_1_20' title='bbox 753 451 865 528; x_wconf 77' lang='lat' dir='ltr'>plagam</span> <span class='ocrx_word' id='word_1_21' title='bbox 889 469 1047 513; x_wconf 80' lang='lat' dir='ltr'>conuersas</span> 
     </span>
     <span class='ocr_line' id='line_1_4' title="bbox 41 529 1046 608; baseline 0.002 -16"><span class='ocrx_word' id='word_1_22' title='bbox 41 532 223 606; x_wconf 81' lang='lat' dir='ltr'>immittere,</span> <span class='ocrx_word' id='word_1_23' title='bbox 248 529 351 608; x_wconf 89' lang='lat' dir='ltr'>quibus</span> <span class='ocrx_word' id='word_1_24' title='bbox 372 547 479 590; x_wconf 86' lang='lat' dir='ltr'>summe</span> <span class='ocrx_word' id='word_1_25' title='bbox 495 540 601 590; x_wconf 91' lang='lat' dir='ltr'>tantum</span> <span class='ocrx_word' id='word_1_26' title='bbox 624 533 697 592; x_wconf 89' lang='lat' dir='ltr'>cutis</span> <span class='ocrx_word' id='word_1_27' title='bbox 719 533 880 595; x_wconf 74' lang='lat' dir='ltr'>diducatur:</span> <span class='ocrx_word' id='word_1_28' title='bbox 908 536 951 595; x_wconf 89' lang='lat' dir='ltr'>sio</span> <span class='ocrx_word' id='word_1_29' title='bbox 971 538 1046 596; x_wconf 90' lang='lat' dir='ltr'>enim</span> 
     </span>
     <span class='ocr_line' id='line_1_5' title="bbox 44 613 1046 694; baseline 0.002 -18"><span class='ocrx_word' id='word_1_30' title='bbox 44 617 92 689; x_wconf 76' lang='lat' dir='ltr'>ut,</span> <span class='ocrx_word' id='word_1_31' title='bbox 111 624 143 674; x_wconf 87' lang='lat' dir='ltr'>ut</span> <span class='ocrx_word' id='word_1_32' title='bbox 158 615 272 675; x_wconf 73' lang='lat' dir='ltr'>facilius</span> <span class='ocrx_word' id='word_1_33' title='bbox 288 613 364 692; x_wconf 92' lang='lat' dir='ltr'>quod</span> <span class='ocrx_word' id='word_1_34' title='bbox 377 613 538 690; x_wconf 78' lang='lat' dir='ltr'>adducitur,</span> <span class='ocrx_word' id='word_1_35' title='bbox 556 617 639 693; x_wconf 90' lang='lat' dir='ltr'>sequi</span> <span class='ocrx_word' id='word_1_36' title='bbox 652 618 753 694; x_wconf 82' lang='lat' dir='ltr'>possit.</span> <span class='ocrx_word' id='word_1_37' title='bbox 782 617 864 691; x_wconf 80' lang='lat' dir='ltr'>Qurod</span> <span class='ocrx_word' id='word_1_38' title='bbox 906 635 964 678; x_wconf 89' lang='lat' dir='ltr'>uon</span> <span class='ocrx_word' id='word_1_39' title='bbox 1000 628 1046 678; x_wconf 91' lang='lat' dir='ltr'>est</span> 
     </span>
     <span class='ocr_line' id='line_1_6' title="bbox 15 699 1045 780; baseline 0 -18"><span class='ocrx_word' id='word_1_40' title='bbox 15 702 232 779; x_wconf 74' lang='lat' dir='ltr'>scogmrdnm:</span> <span class='ocrx_word' id='word_1_41' title='bbox 263 701 314 760; x_wconf 89' lang='lat' dir='ltr'>sed</span> <span class='ocrx_word' id='word_1_42' title='bbox 338 703 376 759; x_wconf 90' lang='lat' dir='ltr'>ita</span> <span class='ocrx_word' id='word_1_43' title='bbox 398 699 609 778; x_wconf 83' lang='lat' dir='ltr'>adducendum,</span> <span class='ocrx_word' id='word_1_44' title='bbox 641 709 673 760; x_wconf 91' lang='lat' dir='ltr'>ut</span> <span class='ocrx_word' id='word_1_45' title='bbox 701 699 818 762; x_wconf 81' lang='lat' dir='ltr'>facilius</span> <span class='ocrx_word' id='word_1_46' title='bbox 845 701 1045 780; x_wconf 79' lang='lat' dir='ltr'>subsequatur,</span> 
     </span>
     <span class='ocr_line' id='line_1_7' title="bbox 46 780 1045 859; baseline 0.004 -17"><span class='ocrx_word' id='word_1_47' title='bbox 46 792 79 842; x_wconf 88' lang='lat' dir='ltr'>et</span> <span class='ocrx_word' id='word_1_48' title='bbox 96 781 246 842; x_wconf 90' lang='lat' dir='ltr'>dimissum</span> <span class='ocrx_word' id='word_1_49' title='bbox 261 797 317 839; x_wconf 94' lang='lat' dir='ltr'>uon</span> <span class='ocrx_word' id='word_1_50' title='bbox 334 781 448 839; x_wconf 89' lang='lat' dir='ltr'>multum</span> <span class='ocrx_word' id='word_1_51' title='bbox 470 780 589 840; x_wconf 89' lang='lat' dir='ltr'>recedat</span> <span class='ocrx_word' id='word_1_52' title='bbox 604 780 640 859; x_wconf 86' lang='lat'>¹).</span> <span class='ocrx_word' id='word_1_53' title='bbox 668 781 810 842; x_wconf 84' lang='lat' dir='ltr'>Interdum</span> <span class='ocrx_word' id='word_1_54' title='bbox 832 792 926 844; x_wconf 88' lang='lat' dir='ltr'>tamen</span> <span class='ocrx_word' id='word_1_55' title='bbox 946 786 981 845; x_wconf 88' lang='lat' dir='ltr'>ab</span> <span class='ocrx_word' id='word_1_56' title='bbox 1006 786 1045 846; x_wconf 85' lang='lat' dir='ltr'>al·</span> 
     </span>
     <span class='ocr_line' id='line_1_8' title="bbox 47 863 1045 946; baseline 0.003 -21"><span class='ocrx_word' id='word_1_57' title='bbox 47 875 117 925; x_wconf 87' lang='lat' dir='ltr'>tera</span> <span class='ocrx_word' id='word_1_58' title='bbox 131 873 215 943; x_wconf 88' lang='lat' dir='ltr'>parte</span> <span class='ocrx_word' id='word_1_59' title='bbox 231 865 303 922; x_wconf 90' lang='lat' dir='ltr'>cutis</span> <span class='ocrx_word' id='word_1_60' title='bbox 317 863 392 924; x_wconf 86' lang='lat' dir='ltr'>haud</span> <span class='ocrx_word' id='word_1_61' title='bbox 407 867 520 923; x_wconf 89' lang='lat' dir='ltr'>omnino</span> <span class='ocrx_word' id='word_1_62' title='bbox 537 865 660 926; x_wconf 88' lang='lat' dir='ltr'>adducta</span> <span class='ocrx_word' id='word_1_63' title='bbox 675 865 850 942; x_wconf 79' lang='lat' dir='ltr'>deformem,</span> <span class='ocrx_word' id='word_1_64' title='bbox 871 885 955 946; x_wconf 91' lang='lat' dir='ltr'>quem</span> <span class='ocrx_word' id='word_1_65' title='bbox 979 870 1045 928; x_wconf 90' lang='lat' dir='ltr'>reli·</span> 
     </span>
     <span class='ocr_line' id='line_1_9' title="bbox 49 946 1045 1028; baseline 0.005 -20"><span class='ocrx_word' id='word_1_66' title='bbox 49 951 132 1027; x_wconf 84' lang='lat' dir='ltr'>quit,</span> <span class='ocrx_word' id='word_1_67' title='bbox 156 949 251 1009; x_wconf 93' lang='lat' dir='ltr'>locum</span> <span class='ocrx_word' id='word_1_68' title='bbox 276 946 379 1007; x_wconf 83' lang='lat' dir='ltr'>reddit.</span> <span class='ocrx_word' id='word_1_69' title='bbox 410 947 577 1022; x_wconf 76' lang='lat' dir='ltr'>Huiusmodi</span> <span class='ocrx_word' id='word_1_70' title='bbox 602 949 660 1008; x_wconf 89' lang='lat' dir='ltr'>loci</span> <span class='ocrx_word' id='word_1_71' title='bbox 684 949 773 1010; x_wconf 87' lang='lat' dir='ltr'>altera</span> <span class='ocrx_word' id='word_1_72' title='bbox 794 967 863 1028; x_wconf 83' lang='lat' dir='ltr'>pars</span> <span class='ocrx_word' id='word_1_73' title='bbox 884 953 1045 1026; x_wconf 81' lang='lat' dir='ltr'>incidenda,</span> 
     </span>
     <span class='ocr_line' id='line_1_10' title="bbox 47 1031 1045 1111; baseline 0.003 -18"><span class='ocrx_word' id='word_1_74' title='bbox 47 1033 149 1093; x_wconf 89' lang='lat' dir='ltr'>altera</span> <span class='ocrx_word' id='word_1_75' title='bbox 171 1033 276 1091; x_wconf 87' lang='lat' dir='ltr'>intacta</span> <span class='ocrx_word' id='word_1_76' title='bbox 296 1031 427 1091; x_wconf 86' lang='lat' dir='ltr'>habenda</span> <span class='ocrx_word' id='word_1_77' title='bbox 442 1040 486 1090; x_wconf 89' lang='lat' dir='ltr'>est</span> <span class='ocrx_word' id='word_1_78' title='bbox 500 1031 537 1110; x_wconf 82' lang='lat'>²).</span> <span class='ocrx_word' id='word_1_79' title='bbox 567 1031 648 1108; x_wconf 83' lang='lat' dir='ltr'>Ergo</span> <span class='ocrx_word' id='word_1_80' title='bbox 664 1051 758 1111; x_wconf 87' lang='lat' dir='ltr'>neque</span> <span class='ocrx_word' id='word_1_81' title='bbox 780 1052 817 1093; x_wconf 82' lang='lat' dir='ltr'>cr</span> <span class='ocrx_word' id='word_1_82' title='bbox 834 1037 896 1095; x_wconf 86' lang='lat' dir='ltr'>imis</span> <span class='ocrx_word' id='word_1_83' title='bbox 919 1036 1045 1111; x_wconf 82' lang='lat' dir='ltr'>auribus,</span> 
     </span>
     <span class='ocr_line' id='line_1_11' title="bbox 8 1115 1045 1196; baseline 0.003 -20"><span class='ocrx_word' id='word_1_84' title='bbox 8 1133 152 1193; x_wconf 75' lang='lat' dir='ltr'>luneque</span> <span class='ocrx_word' id='word_1_85' title='bbox 173 1133 210 1175; x_wconf 84' lang='lat' dir='ltr'>ex</span> <span class='ocrx_word' id='word_1_86' title='bbox 224 1115 317 1174; x_wconf 91' lang='lat' dir='ltr'>medio</span> <span class='ocrx_word' id='word_1_87' title='bbox 334 1133 405 1174; x_wconf 88' lang='lat' dir='ltr'>naso</span> <span class='ocrx_word' id='word_1_88' title='bbox 421 1116 521 1174; x_wconf 87' lang='lat' dir='ltr'>imisve</span> <span class='ocrx_word' id='word_1_89' title='bbox 537 1117 645 1176; x_wconf 87' lang='lat' dir='ltr'>narium</span> <span class='ocrx_word' id='word_1_90' title='bbox 663 1117 807 1196; x_wconf 86' lang='lat' dir='ltr'>partibus,</span> <span class='ocrx_word' id='word_1_91' title='bbox 830 1137 926 1196; x_wconf 92' lang='lat' dir='ltr'>neque</span> <span class='ocrx_word' id='word_1_92' title='bbox 943 1137 980 1178; x_wconf 85' lang='lat' dir='ltr'>ex</span> <span class='ocrx_word' id='word_1_93' title='bbox 997 1137 1045 1179; x_wconf 86' lang='lat' dir='ltr'>an-</span> 
     </span>
     <span class='ocr_line' id='line_1_12' title="bbox 49 1198 1044 1281; baseline 0.002 -22"><span class='ocrx_word' id='word_1_94' title='bbox 49 1200 133 1277; x_wconf 85' lang='lat' dir='ltr'>gulis</span> <span class='ocrx_word' id='word_1_95' title='bbox 150 1199 294 1262; x_wconf 88' lang='lat' dir='ltr'>labrorum</span> <span class='ocrx_word' id='word_1_96' title='bbox 310 1198 460 1276; x_wconf 87' lang='lat' dir='ltr'>quidquam</span> <span class='ocrx_word' id='word_1_97' title='bbox 477 1199 621 1259; x_wconf 83' lang='lat' dir='ltr'>attrahere</span> <span class='ocrx_word' id='word_1_98' title='bbox 633 1199 813 1260; x_wconf 88' lang='lat' dir='ltr'>tentabimus.</span> <span class='ocrx_word' id='word_1_99' title='bbox 830 1202 978 1281; x_wconf 88' lang='lat' dir='ltr'>Utrimque</span> <span class='ocrx_word' id='word_1_100' title='bbox 995 1221 1044 1262; x_wconf 90' lang='lat' dir='ltr'>au-</span> 
     </span>
     <span class='ocr_line' id='line_1_13' title="bbox 50 1282 1046 1364; baseline 0.002 -20"><span class='ocrx_word' id='word_1_101' title='bbox 50 1293 113 1344; x_wconf 84' lang='lat' dir='ltr'>tem</span> <span class='ocrx_word' id='word_1_102' title='bbox 130 1291 280 1361; x_wconf 81' lang='lat' dir='ltr'>petemus,</span> <span class='ocrx_word' id='word_1_103' title='bbox 300 1285 323 1341; x_wconf 92' lang='lat' dir='ltr'>si</span> <span class='ocrx_word' id='word_1_104' title='bbox 340 1282 405 1360; x_wconf 91' lang='lat' dir='ltr'>quid</span> <span class='ocrx_word' id='word_1_105' title='bbox 417 1285 532 1342; x_wconf 88' lang='lat' dir='ltr'>summis</span> <span class='ocrx_word' id='word_1_106' title='bbox 550 1283 679 1361; x_wconf 81' lang='lat' dir='ltr'>auribus,</span> <span class='ocrx_word' id='word_1_107' title='bbox 702 1285 726 1343; x_wconf 90' lang='lat' dir='ltr'>si</span> <span class='ocrx_word' id='word_1_108' title='bbox 744 1285 811 1362; x_wconf 92' lang='lat' dir='ltr'>quid</span> <span class='ocrx_word' id='word_1_109' title='bbox 827 1286 906 1363; x_wconf 82' lang='lat' dir='ltr'>imis,</span> <span class='ocrx_word' id='word_1_110' title='bbox 929 1289 952 1344; x_wconf 92' lang='lat' dir='ltr'>si</span> <span class='ocrx_word' id='word_1_111' title='bbox 980 1286 1046 1364; x_wconf 88' lang='lat' dir='ltr'>quid</span> 
     </span>
     <span class='ocr_line' id='line_1_14' title="bbox 51 1366 1044 1444; baseline 0.001 -17"><span class='ocrx_word' id='word_1_112' title='bbox 51 1376 104 1428; x_wconf 86' lang='lat' dir='ltr'>aut</span> <span class='ocrx_word' id='word_1_113' title='bbox 118 1367 213 1426; x_wconf 88' lang='lat' dir='ltr'>modio</span> <span class='ocrx_word' id='word_1_114' title='bbox 230 1384 320 1441; x_wconf 81' lang='lat' dir='ltr'>naso,</span> <span class='ocrx_word' id='word_1_115' title='bbox 336 1375 383 1426; x_wconf 89' lang='lat' dir='ltr'>aut</span> <span class='ocrx_word' id='word_1_116' title='bbox 397 1367 498 1426; x_wconf 88' lang='lat' dir='ltr'>mediis</span> <span class='ocrx_word' id='word_1_117' title='bbox 516 1366 646 1444; x_wconf 84' lang='lat' dir='ltr'>naribus,</span> <span class='ocrx_word' id='word_1_118' title='bbox 669 1377 715 1427; x_wconf 86' lang='lat' dir='ltr'>aut</span> <span class='ocrx_word' id='word_1_119' title='bbox 729 1369 830 1428; x_wconf 89' lang='lat' dir='ltr'>mediis</span> <span class='ocrx_word' id='word_1_120' title='bbox 845 1367 932 1428; x_wconf 86' lang='lat' dir='ltr'>labris</span> <span class='ocrx_word' id='word_1_121' title='bbox 944 1370 1044 1430; x_wconf 88' lang='lat' dir='ltr'>deerit.</span> 
     </span>
     <span class='ocr_line' id='line_1_15' title="bbox 52 1451 1045 1528; baseline 0.002 -18"><span class='ocrx_word' id='word_1_122' title='bbox 52 1453 140 1528; x_wconf 74' lang='lat' dir='ltr'>Quae</span> <span class='ocrx_word' id='word_1_123' title='bbox 154 1460 247 1511; x_wconf 88' lang='lat' dir='ltr'>tamen</span> <span class='ocrx_word' id='word_1_124' title='bbox 264 1451 403 1510; x_wconf 84' lang='lat' dir='ltr'>interdum</span> <span class='ocrx_word' id='word_1_125' title='bbox 418 1453 502 1510; x_wconf 91' lang='lat' dir='ltr'>etiam</span> <span class='ocrx_word' id='word_1_126' title='bbox 518 1451 628 1510; x_wconf 88' lang='lat' dir='ltr'>duobus</span> <span class='ocrx_word' id='word_1_127' title='bbox 645 1451 718 1511; x_wconf 82' lang='lat' dir='ltr'>locis</span> <span class='ocrx_word' id='word_1_128' title='bbox 735 1461 813 1511; x_wconf 89' lang='lat' dir='ltr'>curta</span> <span class='ocrx_word' id='word_1_129' title='bbox 831 1469 897 1511; x_wconf 86' lang='lat' dir='ltr'>esse</span> <span class='ocrx_word' id='word_1_130' title='bbox 922 1471 1045 1512; x_wconf 83' lang='lat' dir='ltr'>consue·</span> 
     </span>
     <span class='ocr_line' id='line_1_16' title="bbox 13 1534 1044 1614; baseline 0.003 -21"><span class='ocrx_word' id='word_1_131' title='bbox 13 1543 136 1596; x_wconf 79' lang='lat' dir='ltr'>aurunt:</span> <span class='ocrx_word' id='word_1_132' title='bbox 161 1535 212 1594; x_wconf 87' lang='lat' dir='ltr'>sed</span> <span class='ocrx_word' id='word_1_133' title='bbox 227 1535 328 1594; x_wconf 88' lang='lat' dir='ltr'>eadem</span> <span class='ocrx_word' id='word_1_134' title='bbox 346 1534 418 1594; x_wconf 88' lang='lat' dir='ltr'>ratio</span> <span class='ocrx_word' id='word_1_135' title='bbox 435 1535 553 1593; x_wconf 90' lang='lat' dir='ltr'>curandi</span> <span class='ocrx_word' id='word_1_136' title='bbox 566 1543 619 1594; x_wconf 88' lang='lat' dir='ltr'>est.</span> <span class='ocrx_word' id='word_1_137' title='bbox 651 1536 681 1594; x_wconf 88' lang='lat' dir='ltr'>Si</span> <span class='ocrx_word' id='word_1_138' title='bbox 697 1535 837 1610; x_wconf 82' lang='lat' dir='ltr'>cartilago</span> <span class='ocrx_word' id='word_1_139' title='bbox 853 1537 880 1594; x_wconf 91' lang='lat' dir='ltr'>in</span> <span class='ocrx_word' id='word_1_140' title='bbox 900 1553 952 1613; x_wconf 85' lang='lat' dir='ltr'>eo,</span> <span class='ocrx_word' id='word_1_141' title='bbox 968 1537 1044 1614; x_wconf 93' lang='lat' dir='ltr'>quod</span> 
     </span>
     <span class='ocr_line' id='line_1_17' title="bbox 52 1617 1045 1696; baseline 0.001 -17"><span class='ocrx_word' id='word_1_142' title='bbox 52 1620 176 1679; x_wconf 88' lang='lat' dir='ltr'>incisum</span> <span class='ocrx_word' id='word_1_143' title='bbox 191 1627 254 1694; x_wconf 81' lang='lat' dir='ltr'>est,</span> <span class='ocrx_word' id='word_1_144' title='bbox 272 1619 391 1695; x_wconf 81' lang='lat' dir='ltr'>eminet,</span> <span class='ocrx_word' id='word_1_145' title='bbox 408 1617 566 1678; x_wconf 84' lang='lat' dir='ltr'>excidenda</span> <span class='ocrx_word' id='word_1_146' title='bbox 583 1629 641 1678; x_wconf 89' lang='lat' dir='ltr'>est:</span> <span class='ocrx_word' id='word_1_147' title='bbox 664 1636 757 1696; x_wconf 89' lang='lat' dir='ltr'>neque</span> <span class='ocrx_word' id='word_1_148' title='bbox 773 1619 846 1677; x_wconf 86' lang='lat' dir='ltr'>enim</span> <span class='ocrx_word' id='word_1_149' title='bbox 860 1628 907 1678; x_wconf 87' lang='lat' dir='ltr'>aut</span> <span class='ocrx_word' id='word_1_150' title='bbox 924 1620 1045 1696; x_wconf 80' lang='lat' dir='ltr'>glutina·</span> 
     </span>
     <span class='ocr_line' id='line_1_18' title="bbox 54 1701 1044 1780; baseline 0 -17"><span class='ocrx_word' id='word_1_151' title='bbox 54 1707 119 1780; x_wconf 85' lang='lat' dir='ltr'>tirr,</span> <span class='ocrx_word' id='word_1_152' title='bbox 143 1711 189 1762; x_wconf 90' lang='lat' dir='ltr'>aut</span> <span class='ocrx_word' id='word_1_153' title='bbox 205 1719 258 1762; x_wconf 88' lang='lat' dir='ltr'>aon</span> <span class='ocrx_word' id='word_1_154' title='bbox 277 1710 338 1761; x_wconf 89' lang='lat' dir='ltr'>tuto</span> <span class='ocrx_word' id='word_1_155' title='bbox 361 1702 509 1776; x_wconf 87' lang='lat' dir='ltr'>trajicitur.</span> <span class='ocrx_word' id='word_1_156' title='bbox 539 1701 641 1780; x_wconf 89' lang='lat' dir='ltr'>Neque</span> <span class='ocrx_word' id='word_1_157' title='bbox 663 1701 751 1778; x_wconf 83' lang='lat' dir='ltr'>longe</span> <span class='ocrx_word' id='word_1_158' title='bbox 775 1711 868 1762; x_wconf 90' lang='lat' dir='ltr'>tamen</span> <span class='ocrx_word' id='word_1_159' title='bbox 885 1705 980 1764; x_wconf 86' lang='lat' dir='ltr'>excidi</span> <span class='ocrx_word' id='word_1_160' title='bbox 996 1705 1044 1768; x_wconf 89' lang='lat' dir='ltr'>de·</span> 
     </span>
     <span class='ocr_line' id='line_1_19' title="bbox 54 1785 1044 1867; baseline 0.001 -21"><span class='ocrx_word' id='word_1_161' title='bbox 54 1787 124 1861; x_wconf 84' lang='lat' dir='ltr'>bet,</span> <span class='ocrx_word' id='word_1_162' title='bbox 151 1803 188 1844; x_wconf 94' lang='lat' dir='ltr'>ne</span> <span class='ocrx_word' id='word_1_163' title='bbox 210 1788 283 1845; x_wconf 89' lang='lat' dir='ltr'>inter</span> <span class='ocrx_word' id='word_1_164' title='bbox 302 1785 371 1845; x_wconf 87' lang='lat' dir='ltr'>duas</span> <span class='ocrx_word' id='word_1_165' title='bbox 393 1803 460 1846; x_wconf 89' lang='lat' dir='ltr'>oras</span> <span class='ocrx_word' id='word_1_166' title='bbox 476 1786 586 1846; x_wconf 85' lang='lat' dir='ltr'>liberae</span> <span class='ocrx_word' id='word_1_167' title='bbox 608 1787 681 1844; x_wconf 86' lang='lat' dir='ltr'>cutis</span> <span class='ocrx_word' id='word_1_168' title='bbox 702 1787 842 1863; x_wconf 92' lang='lat' dir='ltr'>utrimque</span> <span class='ocrx_word' id='word_1_169' title='bbox 858 1787 950 1847; x_wconf 88' lang='lat' dir='ltr'>coitus</span> <span class='ocrx_word' id='word_1_170' title='bbox 966 1791 1044 1867; x_wconf 86' lang='lat' dir='ltr'>puris</span> 
     </span>
     <span class='ocr_line' id='line_1_20' title="bbox 55 1868 1044 1947; baseline 0 -17"><span class='ocrx_word' id='word_1_171' title='bbox 55 1872 120 1931; x_wconf 88' lang='lat' dir='ltr'>lieri</span> <span class='ocrx_word' id='word_1_172' title='bbox 136 1871 236 1947; x_wconf 90' lang='lat' dir='ltr'>possit.</span> <span class='ocrx_word' id='word_1_173' title='bbox 266 1868 335 1929; x_wconf 83' lang='lat' dir='ltr'>Tum</span> <span class='ocrx_word' id='word_1_174' title='bbox 351 1870 469 1943; x_wconf 83' lang='lat' dir='ltr'>junctae</span> <span class='ocrx_word' id='word_1_175' title='bbox 485 1888 554 1930; x_wconf 89' lang='lat' dir='ltr'>orae</span> <span class='ocrx_word' id='word_1_176' title='bbox 570 1871 643 1929; x_wconf 86' lang='lat' dir='ltr'>inter</span> <span class='ocrx_word' id='word_1_177' title='bbox 659 1888 691 1928; x_wconf 88' lang='lat' dir='ltr'>se</span> <span class='ocrx_word' id='word_1_178' title='bbox 707 1870 832 1930; x_wconf 87' lang='lat' dir='ltr'>suendae</span> <span class='ocrx_word' id='word_1_179' title='bbox 847 1880 927 1947; x_wconf 81' lang='lat' dir='ltr'>sunt,</span> <span class='ocrx_word' id='word_1_180' title='bbox 950 1874 1044 1931; x_wconf 88' lang='lat' dir='ltr'>utrim-</span> 
     </span>
     <span class='ocr_line' id='line_1_21' title="bbox 18 1952 1049 2034; baseline 0 -20"><span class='ocrx_word' id='word_1_181' title='bbox 18 1973 46 2015; x_wconf 82' lang='lat' dir='ltr'>ao</span> <span class='ocrx_word' id='word_1_182' title='bbox 58 1973 114 2034; x_wconf 87' lang='lat' dir='ltr'>que</span> <span class='ocrx_word' id='word_1_183' title='bbox 126 1963 191 2013; x_wconf 91' lang='lat' dir='ltr'>cute</span> <span class='ocrx_word' id='word_1_184' title='bbox 207 1952 404 2031; x_wconf 60' lang='lat' dir='ltr'>apprehensa</span> <span class='ocrx_word' id='word_1_185' title='bbox 425 1961 453 2012; x_wconf 87' lang='lat' dir='ltr'>et</span> <span class='ocrx_word' id='word_1_186' title='bbox 470 1970 524 2032; x_wconf 86' lang='lat' dir='ltr'>qua</span> <span class='ocrx_word' id='word_1_187' title='bbox 543 1955 654 2032; x_wconf 84' lang='lat' dir='ltr'>priores</span> <span class='ocrx_word' id='word_1_188' title='bbox 669 1953 764 2013; x_wconf 89' lang='lat' dir='ltr'>lineae</span> <span class='ocrx_word' id='word_1_189' title='bbox 779 1962 860 2030; x_wconf 86' lang='lat' dir='ltr'>sunt,</span> <span class='ocrx_word' id='word_1_190' title='bbox 877 1972 910 2014; x_wconf 86' lang='lat' dir='ltr'>aa</span> <span class='ocrx_word' id='word_1_191' title='bbox 929 1972 1049 2034; x_wconf 89' lang='lat' dir='ltr'>quoque</span> 
     </span>
     <span class='ocr_line' id='line_1_22' title="bbox 57 2036 1044 2115; baseline 0.001 -18"><span class='ocrx_word' id='word_1_192' title='bbox 57 2047 171 2098; x_wconf 85' lang='lat' dir='ltr'>suturae</span> <span class='ocrx_word' id='word_1_193' title='bbox 183 2036 353 2112; x_wconf 86' lang='lat' dir='ltr'>injiciendae</span> <span class='ocrx_word' id='word_1_194' title='bbox 367 2045 440 2095; x_wconf 90' lang='lat' dir='ltr'>sunt.</span> <span class='ocrx_word' id='word_1_195' title='bbox 467 2039 560 2096; x_wconf 88' lang='lat' dir='ltr'>Siccis</span> <span class='ocrx_word' id='word_1_196' title='bbox 573 2037 656 2113; x_wconf 87' lang='lat' dir='ltr'>locis,</span> <span class='ocrx_word' id='word_1_197' title='bbox 673 2037 711 2096; x_wconf 87' lang='lat' dir='ltr'>uti</span> <span class='ocrx_word' id='word_1_198' title='bbox 723 2036 928 2115; x_wconf 81' lang='lat' dir='ltr'>naribus,fllita</span> <span class='ocrx_word' id='word_1_199' title='bbox 945 2057 1044 2115; x_wconf 85' lang='lat' dir='ltr'>spuma</span> 
     </span>
     <span class='ocr_line' id='line_1_23' title="bbox 56 2119 1044 2201; baseline 0 -19"><span class='ocrx_word' id='word_1_200' title='bbox 56 2122 168 2198; x_wconf 81' lang='lat' dir='ltr'>argenti</span> <span class='ocrx_word' id='word_1_201' title='bbox 194 2123 264 2180; x_wconf 89' lang='lat' dir='ltr'>satis</span> <span class='ocrx_word' id='word_1_202' title='bbox 279 2121 417 2199; x_wconf 83' lang='lat' dir='ltr'>&#39;prolicit</span> <span class='ocrx_word' id='word_1_203' title='bbox 450 2119 482 2180; x_wconf 93' lang='lat' dir='ltr'>ln</span> <span class='ocrx_word' id='word_1_204' title='bbox 498 2121 651 2181; x_wconf 87' lang='lat' dir='ltr'>ulteriores</span> <span class='ocrx_word' id='word_1_205' title='bbox 667 2139 737 2181; x_wconf 81' lang='lat' dir='ltr'>vero</span> <span class='ocrx_word' id='word_1_206' title='bbox 754 2121 925 2200; x_wconf 87' lang='lat' dir='ltr'>lunatasque</span> <span class='ocrx_word' id='word_1_207' title='bbox 941 2123 1044 2201; x_wconf 82' lang='lat' dir='ltr'>plagas</span> 
     </span>
     <span class='ocr_line' id='line_1_24' title="bbox 57 2203 1043 2284; baseline -0.001 -19"><span class='ocrx_word' id='word_1_208' title='bbox 57 2204 237 2266; x_wconf 86' lang='lat' dir='ltr'>linamentum</span> <span class='ocrx_word' id='word_1_209' title='bbox 253 2203 372 2264; x_wconf 90' lang='lat' dir='ltr'>dandum</span> <span class='ocrx_word' id='word_1_210' title='bbox 387 2211 446 2279; x_wconf 82' lang='lat' dir='ltr'>est,</span> <span class='ocrx_word' id='word_1_211' title='bbox 469 2213 498 2263; x_wconf 89' lang='lat' dir='ltr'>nt</span> <span class='ocrx_word' id='word_1_212' title='bbox 520 2221 589 2264; x_wconf 89' lang='lat' dir='ltr'>caro</span> <span class='ocrx_word' id='word_1_213' title='bbox 611 2206 778 2264; x_wconf 87' lang='lat' dir='ltr'>increscens</span> <span class='ocrx_word' id='word_1_214' title='bbox 792 2203 896 2264; x_wconf 85' lang='lat' dir='ltr'>uulnus</span> <span class='ocrx_word' id='word_1_215' title='bbox 917 2207 1043 2284; x_wconf 85' lang='lat' dir='ltr'>impleat.</span> 
     </span>
     <span class='ocr_line' id='line_1_25' title="bbox 59 2287 1043 2368; baseline 0.002 -20"><span class='ocrx_word' id='word_1_216' title='bbox 59 2291 226 2368; x_wconf 86' lang='lat' dir='ltr'>Summaque</span> <span class='ocrx_word' id='word_1_217' title='bbox 243 2305 326 2363; x_wconf 85' lang='lat' dir='ltr'>cura,</span> <span class='ocrx_word' id='word_1_218' title='bbox 349 2288 426 2366; x_wconf 92' lang='lat' dir='ltr'>quod</span> <span class='ocrx_word' id='word_1_219' title='bbox 444 2289 482 2346; x_wconf 90' lang='lat' dir='ltr'>ita</span> <span class='ocrx_word' id='word_1_220' title='bbox 502 2297 592 2348; x_wconf 90' lang='lat' dir='ltr'>sutum</span> <span class='ocrx_word' id='word_1_221' title='bbox 614 2296 674 2364; x_wconf 83' lang='lat' dir='ltr'>est,</span> <span class='ocrx_word' id='word_1_222' title='bbox 691 2287 823 2348; x_wconf 88' lang='lat' dir='ltr'>tuendum</span> <span class='ocrx_word' id='word_1_223' title='bbox 846 2307 929 2364; x_wconf 80' lang='lat' dir='ltr'>esse,</span> <span class='ocrx_word' id='word_1_224' title='bbox 956 2307 1043 2366; x_wconf 82' lang='lat' dir='ltr'>anpa-</span> 
     </span>
     <span class='ocr_line' id='line_1_26' title="bbox 21 2371 1043 2450; baseline -0.002 -16"><span class='ocrx_word' id='word_1_225' title='bbox 21 2394 48 2434; x_wconf 70' lang='grc' dir='ltr'>ιι</span> <span class='ocrx_word' id='word_1_226' title='bbox 58 2391 125 2432; x_wconf 86' lang='lat' dir='ltr'>rere</span> <span class='ocrx_word' id='word_1_227' title='bbox 139 2391 176 2432; x_wconf 87' lang='lat' dir='ltr'>ex</span> <span class='ocrx_word' id='word_1_228' title='bbox 190 2389 227 2431; x_wconf 90' lang='lat' dir='ltr'>eo</span> <span class='ocrx_word' id='word_1_229' title='bbox 244 2380 340 2450; x_wconf 85' lang='lat' dir='ltr'>potest</span> <span class='ocrx_word' id='word_1_230' title='bbox 355 2371 430 2450; x_wconf 88' lang='lat' dir='ltr'>quod</span> <span class='ocrx_word' id='word_1_231' title='bbox 447 2371 482 2430; x_wconf 87' lang='lat' dir='ltr'>do</span> <span class='ocrx_word' id='word_1_232' title='bbox 497 2372 602 2434; x_wconf 85' lang='lat' dir='ltr'>cancro</span> <span class='ocrx_word' id='word_1_233' title='bbox 617 2389 702 2450; x_wconf 82' lang='lat' dir='ltr'>supra</span> <span class='ocrx_word' id='word_1_234' title='bbox 718 2372 801 2449; x_wconf 86' lang='lat' dir='ltr'>posui</span> <span class='ocrx_word' id='word_1_235' title='bbox 810 2371 861 2449; x_wconf 83' lang='lat' dir='ltr'>(V,</span> <span class='ocrx_word' id='word_1_236' title='bbox 873 2371 939 2449; x_wconf 81' lang='lat'>28).</span> <span class='ocrx_word' id='word_1_237' title='bbox 962 2371 1043 2449; x_wconf 76' lang='lat' dir='ltr'>Ergo</span> 
     </span>
     <span class='ocr_line' id='line_1_27' title="bbox 59 2454 1043 2534; baseline -0.001 -17"><span class='ocrx_word' id='word_1_238' title='bbox 59 2458 145 2517; x_wconf 87' lang='lat' dir='ltr'>etiam</span> <span class='ocrx_word' id='word_1_239' title='bbox 167 2457 252 2516; x_wconf 89' lang='lat' dir='ltr'>tertio</span> <span class='ocrx_word' id='word_1_240' title='bbox 275 2473 389 2534; x_wconf 90' lang='lat' dir='ltr'>quoque</span> <span class='ocrx_word' id='word_1_241' title='bbox 413 2455 458 2514; x_wconf 89' lang='lat' dir='ltr'>die</span> <span class='ocrx_word' id='word_1_242' title='bbox 483 2454 636 2515; x_wconf 87' lang='lat' dir='ltr'>fovendum</span> <span class='ocrx_word' id='word_1_243' title='bbox 662 2457 716 2515; x_wconf 88' lang='lat' dir='ltr'>erit</span> <span class='ocrx_word' id='word_1_244' title='bbox 736 2472 845 2534; x_wconf 83' lang='lat' dir='ltr'>vapore</span> <span class='ocrx_word' id='word_1_245' title='bbox 869 2474 960 2534; x_wconf 87' lang='lat' dir='ltr'>aquae</span> <span class='ocrx_word' id='word_1_246' title='bbox 978 2457 1043 2516; x_wconf 87' lang='lat' dir='ltr'>culi·</span> 
     </span>
     <span class='ocr_line' id='line_1_28' title="bbox 59 2539 1043 2619; baseline 0 -19"><span class='ocrx_word' id='word_1_247' title='bbox 59 2541 129 2610; x_wconf 86' lang='lat' dir='ltr'>dae;</span> <span class='ocrx_word' id='word_1_248' title='bbox 157 2555 312 2618; x_wconf 87' lang='lat' dir='ltr'>rursusque</span> <span class='ocrx_word' id='word_1_249' title='bbox 333 2541 409 2600; x_wconf 89' lang='lat' dir='ltr'>idam</span> <span class='ocrx_word' id='word_1_250' title='bbox 429 2539 664 2602; x_wconf 85' lang='lat' dir='ltr'>medicamentum</span> <span class='ocrx_word' id='word_1_251' title='bbox 692 2539 890 2616; x_wconf 85' lang='lat' dir='ltr'>injiciendum:</span> <span class='ocrx_word' id='word_1_252' title='bbox 921 2541 1043 2619; x_wconf 86' lang='lat' dir='ltr'>fereque</span> 
     </span>
    </p>
   </div>
   <div class='ocr_carea' id='block_1_4' title="bbox 60 2795 1046 2928">
    <p class='ocr_par' dir='ltr' id='par_1_4' title="bbox 60 2795 1046 2928">
     <span class='ocr_line' id='line_1_29' title="bbox 127 2795 1046 2864; baseline 0 -20"><span class='ocrx_word' id='word_1_253' title='bbox 127 2795 152 2858; x_wconf 89' lang='lat' dir='ltr'>l)</span> <span class='ocrx_word' id='word_1_254' title='bbox 169 2795 278 2846; x_wconf 78' lang='lat' dir='ltr'>Eduard.</span> <span class='ocrx_word' id='word_1_255' title='bbox 288 2797 344 2846; x_wconf 82' lang='lat' dir='ltr'>Zeis</span> <span class='ocrx_word' id='word_1_256' title='bbox 358 2795 424 2846; x_wconf 80' lang='lat' dir='ltr'>hanc</span> <span class='ocrx_word' id='word_1_257' title='bbox 437 2797 543 2863; x_wconf 83' lang='lat' dir='ltr'>liguram</span> <span class='ocrx_word' id='word_1_258' title='bbox 557 2795 658 2848; x_wconf 81' lang='lat' dir='ltr'>exhibet</span> <span class='ocrx_word' id='word_1_259' title='bbox 665 2797 890 2864; x_wconf 83' lang='lat' dir='ltr'>operationisilelsi</span> <span class='ocrx_word' id='word_1_260' title='bbox 901 2798 970 2848; x_wconf 84' lang='lat' dir='ltr'>labro</span> <span class='ocrx_word' id='word_1_261' title='bbox 981 2795 1046 2844; x_wconf 86' lang='lat' dir='ltr'>infe·</span> 
     </span>
     <span class='ocr_line' id='line_1_30' title="bbox 60 2863 341 2928; baseline 0.014 -16"><span class='ocrx_word' id='word_1_262' title='bbox 60 2863 119 2912; x_wconf 89' lang='lat' dir='ltr'>riori</span> <span class='ocrx_word' id='word_1_263' title='bbox 129 2865 328 2928; x_wconf 76' lang='lat' dir='ltr'>accommodatae</span> <span class='ocrx_word' id='word_1_264' title='bbox 333 2885 341 2926; x_wconf 87' lang='lat'>;</span> 
     </span>
    </p>
   </div>
   <div class='ocr_carea' id='block_1_5' title="bbox 409 2945 707 3072">
    <p class='ocr_par' dir='ltr' id='par_1_5' title="bbox 409 2945 707 3072">
     <span class='ocr_line' id='line_1_31' title="bbox 409 2945 707 3072; baseline 0.003 -1"><span class='ocrx_word' id='word_1_265' title='bbox 409 2945 707 3072; x_wconf 77' lang='lat' dir='ltr'>(tlt</span> 
     </span>
    </p>
   </div>
   <div class='ocr_carea' id='block_1_6' title="bbox 61 3097 1044 3234">
    <p class='ocr_par' dir='ltr' id='par_1_6' title="bbox 61 3097 1044 3234">
     <span class='ocr_line' id='line_1_32' title="bbox 61 3097 1044 3164; baseline 0.002 -17"><span class='ocrx_word' id='word_1_266' title='bbox 61 3099 113 3163; x_wconf 79' lang='lat' dir='ltr'>ligo</span> <span class='ocrx_word' id='word_1_267' title='bbox 127 3114 249 3148; x_wconf 80' lang='lat' dir='ltr'>ueroeam</span> <span class='ocrx_word' id='word_1_268' title='bbox 262 3101 369 3164; x_wconf 77' lang='lat' dir='ltr'>liguram</span> <span class='ocrx_word' id='word_1_269' title='bbox 382 3098 514 3148; x_wconf 90' lang='lat' dir='ltr'>hocmodo</span> <span class='ocrx_word' id='word_1_270' title='bbox 527 3100 633 3146; x_wconf 83' lang='lat' dir='ltr'>correxi.</span> <span class='ocrx_word' id='word_1_271' title='bbox 669 3099 733 3148; x_wconf 86' lang='lat' dir='ltr'>Vide</span> <span class='ocrx_word' id='word_1_272' title='bbox 750 3099 810 3154; x_wconf 75' lang='lat' dir='ltr'>Gur.</span> <span class='ocrx_word' id='word_1_273' title='bbox 824 3099 885 3148; x_wconf 72' lang='lat' dir='ltr'>med.</span> <span class='ocrx_word' id='word_1_274' title='bbox 904 3098 935 3148; x_wconf 86' lang='lat' dir='ltr'>de</span> <span class='ocrx_word' id='word_1_275' title='bbox 952 3097 1044 3156; x_wconf 71' lang='lat' dir='ltr'>Portet</span> 
     </span>
     <span class='ocr_line' id='line_1_33' title="bbox 61 3169 400 3234; baseline 0.012 -18"><span class='ocrx_word' id='word_1_276' title='bbox 61 3169 225 3230; x_wconf 78' lang='lat' dir='ltr'>aurne&#39;e1847‚</span> <span class='ocrx_word' id='word_1_277' title='bbox 240 3185 263 3234; x_wconf 89' lang='lat' dir='ltr'>p.</span> <span class='ocrx_word' id='word_1_278' title='bbox 283 3169 330 3220; x_wconf 75' lang='grc'>105</span> <span class='ocrx_word' id='word_1_279' title='bbox 344 3185 400 3232; x_wconf 89' lang='lat' dir='ltr'>sqq.</span> 
     </span>
    </p>
   </div>
   <div class='ocr_carea' id='block_1_7' title="bbox 0 0 1190 3892">
    <p class='ocr_par' dir='ltr' id='par_1_7' title="bbox 0 0 1190 3892">
     <span class='ocr_line' id='line_1_34' title="bbox 0 0 1190 3892; baseline 0 1"><span class='ocrx_word' id='word_1_280' title='bbox 0 0 1190 3892; x_wconf 95' lang='lat' dir='ltr'> </span> 
     </span>
    </p>
   </div>
  </div>
 </body>
</html>
