2384 3896
159 171 220 234 sto
443 177 474 226 s.
491 175 522 226 c.
538 173 638 228 consu
653 175 849 226 usouctusn

158 341 217 400 bis:
241 353 377 416 squam
399 333 494 409 aeris,
516 331 626 412 plumbi
645 330 716 392 eloti
737 329 895 407 combusti,
920 331 1103 411 singulorum
1122 351 1151 412 p.

157 425 213 504 )·(.
229 435 275 482 w.
291 419 436 493 cadmiae,
454 434 555 491 cerae,
571 413 947 494 singulorump.)-(.V111.
961 435 1055 478 rosae
1068 435 1152 497 quan

158 517 214 572 bum
233 506 302 566 satis
319 506 356 563 sit
369 502 406 562 ad
423 518 519 560 ceram
533 499 615 560 simul
633 499 754 558 cumeis
769 498 962 559 molliendam.

221 590 249 650 6.
274 588 358 647 Fiunt
385 586 470 646 etiam
498 602 536 643 ex
556 583 668 660 frigore
692 581 813 642 hiberno
834 582 1104 668 ulcerapmaximc
1128 585 1152 644 iu

158 675 272 754 pueris,
295 681 324 730 et
340 669 497 750 praecipue
518 668 546 726 in
563 666 687 745 pedibus
702 666 857 744 digitisque
878 684 999 746 eorum,
1016 685 1165 727 nonnum-s
1187 727 1188 732 ,

157 775 240 837 quam
258 758 342 816 etiam
359 755 387 813 in
408 751 547 812 manibus.
577 749 679 812 Rubor
694 767 757 810 cuna
775 749 998 812 inflammatione
1014 751 1151 811 mediocri

157 851 217 902 est:
239 839 379 900 interdum
411 835 532 914 pusulae
552 835 700 910 oriuntur,
720 832 824 894 deinde
847 835 1051 896 exulceratio:
1075 835 1151 894 dolor

157 935 250 986 autem
264 923 409 990 modicus;
426 922 545 998 prurigo
558 921 649 995 major
661 926 719 977 est:
737 934 948 997 nonnumquam
960 919 1070 978 bumor
1088 920 1150 994 enit,

158 1009 210 1070 sed
225 1026 281 1067 non
296 1006 416 1077 multus,
436 1005 483 1082 qui
500 1002 613 1062 referre
631 1002 678 1062 vel
697 1019 767 1079 pus,
785 1002 833 1061 vel
848 1005 958 1063 saniem
974 1003 1106 1064 videtur.
1123 1001 1150 1062 lu

157 1094 256 1173 primis
271 1089 357 1149 multa
373 1087 465 1148 calida
481 1104 554 1165 aqua
571 1085 725 1145 fouendum
744 1093 806 1160 εει,
824 1087 851 1145 in
868 1104 923 1164 qua
940 1105 1014 1165 rapa
1029 1087 1171 1146 decoctas

157 1178 226 1243 sint;
243 1183 290 1233 aut
307 1173 331 1233 si
346 1190 380 1232 ea
395 1189 453 1231 non
469 1178 549 1246 sunt,
567 1169 681 1248 aliquae
695 1168 842 1229 verbenae
858 1188 896 1229 ex
914 1170 1149 1249 reprimentibus.

157 1260 188 1318 Si
208 1256 330 1317 nondum
344 1255 512 1334 adapertum
527 1254 609 1314 ulcus
624 1261 683 1330 est,
702 1271 768 1328 aes,
786 1269 870 1331 quam
887 1257 1013 1315 maxime
1030 1254 1151 1314 calidum

158 1344 222 1421 quis
242 1342 300 1419 pati
323 1347 435 1418 potest,
459 1337 666 1398 admovendum
682 1345 736 1397 est:
765 1337 796 1396 Si
806 1339 866 1414 Jam
886 1338 1075 1398 exulceratio
1097 1347 1150 1412 est,

156 1427 265 1505 imponi
287 1424 375 1486 debet
393 1423 506 1482 alumen
527 1439 621 1499 aequa
649 1423 783 1500 portione
806 1439 869 1480 cum
893 1431 957 1482 ture
984 1423 1150 1496 contritum,

157 1513 225 1570 vino
248 1509 378 1586 adjecto,
396 1517 445 1568 sut
464 1505 644 1566 malicorium
665 1506 695 1565 in
717 1514 937 1582 aqueductum,
959 1506 1071 1566 deinde
1089 1523 1172 1567 con-a

157 1597 261 1654 tritum.
296 1594 327 1652 si
343 1608 450 1652 summa
466 1591 595 1650 detracta
610 1588 747 1668 pellicula
764 1597 825 1665 est,
842 1589 889 1649 hic
909 1606 1029 1668 quoque
1051 1589 1150 1650 melios

157 1679 232 1738 lenia
249 1677 455 1736 medicamenta
472 1674 634 1753 proliciunt.

219 1763 247 1819 7.
278 1761 533 1837 Strumaquoque
561 1766 606 1817 cst
629 1765 739 1832 tumor,
759 1757 788 1816 in
811 1774 867 1834 quo
889 1756 990 1817 subter
1013 1765 1150 1818 concren

157 1842 342 1922 quaedamex
355 1859 426 1921 pure
440 1852 469 1902 ει
481 1843 621 1918 sanguine
638 1842 720 1919 quasi
735 1840 890 1917 glandulae
904 1842 1056 1902 oriuntur:
1082 1859 1150 1919 quae

156 1927 205 1987 vel
228 1927 385 2004 praecipue
408 1926 533 2002 fatigare
552 1925 682 1984 medicos
696 1925 812 1993 'solent;
842 1927 976 2002 quoniam
998 1933 1031 1984 et
1053 1925 1171 1990 febres„

156 2019 288 2085 movent,
305 2027 359 2069 nec
374 2027 505 2088 umquam
519 2009 607 2072 facile
623 2016 831 2078 maturescunt;
849 2016 878 2068 et
894 2009 958 2067 sive
972 2007 1077 2086 ferro,
1094 2011 1150 2068 site

155 2093 369 2154 medicamentis
392 2101 540 2169 curantur,
563 2092 733 2171 plerumque
762 2093 864 2152 lterum
884 2094 967 2168 juxta
997 2093 1150 2152 cicatrices

156 2180 234 2257 ipsas
250 2187 418 2253 resurgunt:
434 2177 581 2254 multoque
594 2184 663 2255 post
673 2177 881 2237 medicamenta
892 2176 1028 2255 saepius:
1049 2176 1149 2254 quibus

156 2263 184 2322 id
206 2279 322 2339 quoque
344 2261 472 2338 accedit,
491 2259 572 2338 quod
593 2259 684 2336 longo
700 2261 795 2339 spatio
818 2259 955 2320 detinent.
984 2257 1149 2320 Nascuntur

155 2347 319 2405 maximein
334 2345 463 2412 cervice;
483 2343 535 2403 sed
551 2345 636 2402 etiam
650 2345 679 2403 in
705 2343 758 2404 alis
773 2352 803 2402 ει
814 2341 988 2419 inguinibus.
1017 2342 1050 2403 ln
1066 2361 1170 2404 maru-a

155 2431 208 2488 mis
234 2443 352 2506 'quoquc
380 2429 548 2488 laminarum
577 2446 609 2486 se
634 2427 800 2505 reperisse,
827 2427 930 2503 bleges
962 2436 1069 2488 auctor
1100 2437 1147 2487 cst.

156 2512 280 2590 Propter
301 2511 374 2571 haec
402 2521 432 2571 et
452 2511 546 2571 album
568 2519 711 2571 veratrum
736 2519 816 2570 recte
841 2511 937 2587 detur,
960 2519 1049 2594 atque
1067 2513 1148 2570 etiam

156 2596 289 2671 saepius,
313 2593 406 2653 donec
428 2612 462 2654 ea
480 2595 660 2671 digerantur:
678 2603 707 2654 et
725 2594 933 2655 medicamenta
948 2595 1148 2672 imponuntur,

156 2694 229 2755 qnae
255 2676 402 2736 humorem
424 2677 470 2736 vel
496 2678 636 2755 educant,
662 2677 711 2738 vel
734 2677 890 2755 dissipent;
918 2695 1041 2755 quorum
1065 2695 1148 2756 supra

138 2837 141 2844 ι
155 2761 261 2820 mentio
277 2760 353 2822 iacta
369 2768 423 2820 est.
450 2759 644 2822 Adurentibus
661 2777 777 2839 quoque
791 2760 905 2841 quidam
920 2769 1055 2838 utuntur,
1076 2779 1171 2838 quaes

155 2844 294 2921 exedant,
314 2853 466 2923 crustaque
478 2863 542 2904 eura
555 2845 649 2904 locum
661 2846 853 2921 adstringant:
869 2853 928 2904 tum
938 2861 1012 2904 vero
1025 2853 1057 2906 ut
1068 2845 1148 2904 ulcus

155 2938 264 2989 curant.
293 2929 499 3007 Quaecumque
518 2937 610 2987 autem
625 2930 699 2987 ratio
717 2928 835 2988 curandi
848 2937 907 3003 est,
930 2945 1056 3006 corpus,
1080 2944 1146 3006 puro

154 3013 271 3092 ulcere,
289 3012 483 3073 exercendum
499 3021 586 3090 atque
601 3011 732 3071 alendum
748 3020 808 3088 εει,
824 3011 919 3072 donec
934 3011 971 3070 ad
984 3005 1146 3071 cicatricem

155 3097 315 3172 perveniat.
346 3096 427 3168 Quae
443 3114 527 3175 quum
542 3092 646 3154 medici
660 3095 798 3168 doceant,
819 3095 1006 3173 quorumdam
1026 3096 1161 3154 rustico-¹

154 3195 216 3234 rum
233 3180 433 3256 experimento
451 3179 612 3255 cognitum,
628 3195 713 3256 quem
727 3187 833 3238 struma
847 3178 924 3242 nale
944 3178 1050 3255 babet,
1066 3196 1169 3253 eunuc

155 3259 178 3317 si
195 3276 316 3334 anguem
332 3260 408 3336 edit,
424 3261 551 3320 liberari.

218 3343 246 3404 8.
274 3342 453 3404 Furunculus
478 3363 549 3404 vero
566 3354 611 3405 est
625 3344 803 3406 tuberculum
826 3353 939 3405 acutum
962 3364 1025 3405 cum
1042 3346 1143 3405 inflant·

153 3429 278 3488 matione
295 3435 323 3486 et
339 3425 457 3494 dolore;
474 3430 654 3507 maximeque
675 3429 723 3489 ubi
734 3432 798 3505 jam
810 3429 837 3487 in
854 3447 907 3506 pus
929 3431 1059 3490 vertitur.
1093 3429 1142 3503 Qui
