2392 3906
406 239 485 286 turn.
500 239 537 286 11.
554 239 627 287 cnr.
643 239 703 288 vur.
1021 227 1061 288 43

59 391 175 471 923).
209 391 341 472 Denique
355 401 422 472 post
438 393 495 452 alvi
510 392 623 470 longam
637 394 853 470 resolutionem,
869 395 988 455 tormina
1005 394 1061 474 (ci.
1141 429 1144 435 -

60 475 152 554 Aple.
165 474 229 553 Vll,
246 477 317 555 23);
333 476 502 555 posthaec,
517 477 713 537 intestinorum
728 475 848 538 laevitas
865 481 954 538 oritur
965 474 1059 556 (Aple.
1095 479 1099 490 '
1133 467 1138 484 ⁸

60 559 136 634 Vll,
153 557 204 634 80,
220 559 291 637 81);
315 569 383 640 post
397 562 496 619 nimias
511 561 737 637 destillationes,
761 561 858 630 tabem
884 571 950 640 post
964 563 1063 620 lateris

62 644 219 718 dolorem,
238 644 305 704 vitia
322 645 484 722 pulmonum
502 641 597 722 (Apis.
613 644 675 719 Vll,
694 647 747 713 il;
768 642 862 705 Coae.
880 647 972 724 391);
996 653 1063 722 post

36 727 162 802 sluaec,
184 728 292 788 insania
310 727 405 806 (Aple.
426 726 489 802 Vll,
507 729 576 806 12);
605 737 672 806 post
699 745 818 805 magnos
840 728 972 788 fervores
998 745 1061 789 cor-

63 813 169 889 poris,
196 827 347 872 neruorum
367 814 447 888 rigor
460 820 507 870 aut
520 811 653 870 distentio
671 810 765 890 (Apu.
782 810 844 886 Vll,
868 813 936 890 13);
952 812 1000 872 uhi
1016 828 1062 870 ca·

63 903 120 973 put
141 893 321 954 vulneratum
341 905 400 972 est,
427 895 556 955 delirium
582 893 675 974 (Aple.
697 895 765 974 Vll,
795 898 866 976 14);
896 895 944 955 ubi
963 895 1062 971 vigilia
1177 941 1181 950 .

64 975 177 1056 torsit,
189 996 343 1039 nervorum
355 980 489 1038 distentio
505 979 559 1057 (oi.
577 976 657 1058 Aple.
675 978 737 1057 Vll,
756 980 827 1059 18);
844 979 892 1039 ubi
907 979 1061 1038 vehemen-

66 1072 116 1120 ter
127 1080 220 1121 venae
235 1079 324 1142 super
338 1063 436 1123 ulcera
446 1073 606 1138 moventur,
622 1065 768 1141 sanguinis
780 1063 950 1142 profluvium
966 1061 1061 1140 (Apo.

35 1145 391 1309 ¹⁰vu's211}›{t'rrratittvero
404 1229 533 1309 pluribus
544 1231 652 1290 morbis
664 1233 819 1298 excitatum
835 1248 899 1291 nam
916 1232 941 1290 si
957 1231 1062 1307 longae

67 1312 168 1373 febres
185 1315 248 1373 sine
260 1313 373 1390 dolore,
391 1317 452 1374 sine
464 1313 612 1374 manifesta
626 1333 712 1374 causa
728 1323 885 1389 remanent,
901 1316 928 1374 in
940 1314 1063 1392 aliquam

43 1407 50 1422 ¹
65 1407 181 1476 partem
202 1399 230 1458 id
254 1397 356 1458 malum
378 1397 527 1466 incumbit;
551 1400 579 1458 in
589 1398 752 1474 junioribus
767 1407 875 1459 tamen:
893 1415 955 1458 uam
973 1399 1001 1457 in
1015 1415 1062 1458 se·
1187 1421 1189 1426 ·

66 1481 202 1541 nioribus
214 1499 252 1541 ex
263 1483 403 1557 ejusmodi
415 1481 515 1540 morbo
528 1491 664 1560 quartana
672 1483 735 1542 iere
747 1484 872 1542 nascitur
885 1482 939 1561 (ci.
949 1480 1061 1560 Propo.

33 1557 175 1644 15524).
207 1564 316 1625 lladem
337 1567 505 1644 suppuratio
525 1566 571 1642 lit,
594 1568 619 1625 si
636 1566 807 1645 praecordia
828 1566 913 1642 dura,
937 1565 1062 1626 dolentia

68 1658 135 1708 ante
148 1649 315 1709 vicesimum
327 1651 402 1711 diem
413 1649 552 1710 hominem
567 1666 624 1708 oon
635 1651 825 1726 sustulemnt,
841 1667 935 1729 neque
947 1651 1062 1726 sanguis

67 1751 105 1792 ex
117 1733 238 1793 naribus
251 1733 340 1810 lluxit,
356 1734 535 1813 maximeque
546 1735 575 1794 in
586 1733 828 1803 adolescentibus:
843 1736 940 1812 utique
953 1733 976 1791 si
988 1735 1062 1792 inter

66 1817 211 1895 principia
232 1817 445 1877 aut'ooulorum
468 1817 580 1894 caligo,
600 1827 648 1878 aut
670 1818 772 1896 capitis
791 1819 910 1878 dolores
931 1817 1061 1876 inerunt:

14 1914 29 1952 a
66 1901 121 1960 sed
139 1909 199 1960 tum
214 1902 241 1959 in
253 1901 436 1964 inferioribus
455 1902 582 1980 partibus
600 1903 705 1982 aliquid
719 1902 863 1969 abscedit;
878 1911 925 1961 aut
940 1903 964 1960 si
978 1917 1061 1978 prae·

32 1984 170 2044 uecordia
189 1993 328 2043 tumorem
344 1985 460 2044 mollem
471 1985 585 2063 habent,
602 1985 815 2065 nequehabere
828 1988 899 2045 intra
912 1986 1061 2061 sexaginta

66 2067 131 2128 dies
148 2068 290 2143 desinunt,
308 2067 468 2148 haeretque
481 2086 534 2146 per
547 2086 629 2130 omne
645 2070 672 2129 id
684 2078 797 2148 tempus
810 2069 916 2128 febris:
933 2068 986 2128 sed
1004 2077 1062 2126 tum

65 2154 95 2211 in
116 2152 318 2230 superioribus
340 2151 469 2231 partibus
492 2152 522 2211 iit
541 2151 698 2212 abscessus
719 2152 892 2231 (Propn.''§
911 2154 961 2230 7);
982 2168 1016 2209 ac
1037 2152 1062 2208 si

65 2237 143 2294 inter
163 2237 228 2314 ipsa
249 2236 363 2296 viscera
385 2253 442 2295 non
464 2234 509 2310 iit,
539 2235 617 2297 circa
641 2253 725 2296 aures
750 2237 880 2314 erumpit.
911 2235 1061 2311 Quumque

69 2319 161 2378 omnis
177 2319 282 2396 longus
298 2328 391 2378 tumor
404 2319 439 2379 ad
455 2320 687 2398 suppurationem
703 2319 766 2380 iere
781 2327 904 2398 spectet,
918 2317 1009 2394 magis
1025 2332 1061 2374 eo

37 2421 63 2461 aa
74 2403 163 2462 tendit
181 2403 223 2478 is,
241 2403 289 2480 qui
306 2404 334 2461 in
355 2401 549 2480 praecordiis,
572 2420 654 2482 quam
670 2404 710 2478 is,
730 2404 778 2482 qui
794 2403 822 2461 iu
835 2411 936 2461 ventre
951 2408 1009 2468 est;
1025 2401 1077 2474 is,

73 2488 122 2564 qui
140 2503 224 2565 supra
244 2485 423 2560 umbilicum,
447 2503 530 2564 quam
544 2487 586 2560 is,
610 2487 657 2564 qui
677 2487 750 2546 inira
766 2495 810 2546 est
831 2484 958 2566 (Propo.
977 2485 998 2560 ᾗ
1015 2484 1060 2560 7).

68 2571 102 2631 st
116 2569 292 2630 lassitudinis
309 2571 394 2630 etiam
409 2587 512 2630 sensus
526 2571 555 2629 in
568 2569 652 2629 febre
668 2580 729 2647 est,
749 2571 795 2631 uel
811 2572 839 2630 in
854 2570 992 2644 maxillis,
1012 2567 1062 2627 vel

66 2656 95 2714 in
111 2653 244 2714 articulis
260 2654 366 2732 aliquid
382 2653 513 2715 abscedit
530 2651 624 2732 (Aple.
640 2653 689 2730 IV,
702 2655 776 2734 31).·
789 2654 931 2715 Interdum
946 2669 1062 2732 quoque

65 2739 150 2798 nriua
171 2738 265 2797 tenuis
288 2747 318 2797 et
338 2737 425 2803 cruda
447 2739 489 2796 sic
509 2738 556 2798 diu
576 2739 683 2810 lentur,
704 2748 735 2798 ut
754 2738 810 2799 alia
825 2739 960 2798 salutaria
980 2739 1062 2813 signa

32 2823 142 2889 aosint;
167 2839 264 2899 exque
287 2835 324 2880 eo
348 2839 417 2882 casn
438 2821 608 2899 plerumque
629 2822 701 2882 inira
728 2831 922 2884 transversum
950 2829 1062 2899 septum

66 2907 99 2965 fit
114 2903 272 2964 abscessus
290 2903 418 2984 (Propo.
434 2906 455 2981 ὅ
468 2904 533 2986 12).
561 2905 654 2966 Dolor
669 2907 752 2966 etiam
764 2907 917 2984 pulmonis,
932 2907 955 2964 si
968 2919 1063 2982 neque

64 3007 121 3068 per
135 2997 231 3072 sputa,
243 3006 338 3066 neque
349 3005 403 3067 per
419 2989 564 3066 sanguinis
574 2990 789 3065 detractionem,
802 3008 895 3068 neque
907 3007 961 3068 per
970 2989 1062 3048 victus

64 3074 209 3132 rationem
229 3072 323 3131 linitus
345 3081 406 3148 est,
427 3074 555 3133 vomicas
576 3073 686 3152 aliquas
708 3075 782 3133 intus
804 3076 912 3134 excitat
933 3071 1061 3150 (Propo.

65 3157 88 3233 §
105 3157 181 3235 15),
204 3165 251 3216 aut
266 3157 342 3216 circa
356 3157 522 3216 vicesimum
537 3157 628 3231 diem,
651 3166 699 3217 aut
713 3158 790 3218 circa
805 3158 994 3232 tricesimum,
1015 3161 1063 3214 aut

32 3261 56 3302 aa
67 3242 148 3301 circa
164 3239 424 3317 quadragesimum,
439 3258 645 3318 nonnumquam
661 3242 745 3301 etiam
759 3243 836 3302 circa
852 3242 1062 3318 sexagesimum

67 3322 196 3404 (lota).
221 3322 439 3383 Numerabimus
454 3334 547 3385 autem
564 3325 599 3384 ab
615 3343 651 3384 eo
667 3325 724 3400 die,
741 3341 797 3404 quo
813 3327 933 3404 primum
947 3322 1061 3384 febrici-

66 3410 140 3468 tavit
157 3406 279 3487 aliquis,
296 3415 344 3466 aut
363 3407 519 3484 inhorruit,
538 3417 585 3470 aut
605 3407 771 3484 gravitatem
788 3411 850 3485 ejus
865 3409 954 3487 partis
973 3407 1063 3468 sensit

69 3491 200 3570 (Propo.
217 3491 238 3566 ὃ
256 3489 308 3559 16;
325 3488 418 3552 Cooc.
435 3491 522 3569 396).
555 3492 613 3553 Sed
629 3493 684 3552 hae
705 3494 836 3554 vomicae
854 3494 940 3553 modo
964 3509 980 3552 a
1000 3489 1062 3569 pul·
