2372 3892
140 159 201 222 aot
431 167 464 218 s.
481 163 835 217 connsuunmcnusn

140 331 306 468 protractae
321 330 399 401 sunt,
413 323 442 383 in
457 323 550 402 ipsum
561 325 667 400 inguen
679 338 785 384 eremo
797 320 921 400 specillo
935 319 1084 400 compelii
1094 319 1138 400 de

163 417 219 467 ent.
250 407 389 469 solvendi
404 407 507 468 fibulas
520 417 650 486 tempus,
666 405 887 466 inflammatione
907 406 1007 482 linita,
1031 415 1064 464 et
1078 424 1139 484 prr·

140 501 210 570 gato
230 492 351 551 vulnere
375 501 433 560 est;
454 500 485 551 ut
499 509 553 552 una
571 491 653 551 simui
669 499 697 549 et
711 507 779 550 oras
795 497 824 549 et
838 507 930 549 renas
949 491 1081 550 cicatrix
1094 490 1138 548 de

140 577 254 636 vinciat.
287 575 341 637 Ubi
363 593 435 635 tero
456 577 530 635 inter
551 577 632 635 imam
660 575 782 634 tunicam
806 582 835 632 et
854 576 952 651 ipsam
974 573 1138 634 testicdrn

140 669 317 738 nervumque
338 660 401 735 ejus
422 675 522 718 ramex
545 667 626 719 ortus
642 668 705 733 est,
726 675 780 716 una
797 659 907 717 curatio
923 665 989 734 est,
1006 673 1086 736 qnae
1100 666 1153 721 tec

140 753 198 803 tum
213 743 374 804 testiculum
393 741 545 803 abscindit.
573 742 646 802 Nam
661 760 755 820 neque
771 741 806 801 ad
820 743 1052 817 generationem
1066 740 1137 818 quid

140 844 224 906 quam
238 829 262 886 is
278 827 406 902 conten,
422 835 452 886 et
467 826 598 886 omnibus
612 826 766 901 indecore,
789 823 962 902 quibusdam
975 827 1068 884 etiam
1083 843 1136 884 cun

140 910 243 970 dolore
265 909 419 988 dependet.
448 910 507 970 Sed
522 919 578 970 tum
595 927 710 989 quoque
733 913 838 985 inguen
852 909 1063 978 incidendum
1087 928 1137 967 une

140 995 185 1054 dia
201 995 295 1053 tunica
320 994 492 1072 promenda,
514 1004 601 1073 atquc
627 992 786 1053 excidenda
803 1002 865 1060 est:
884 992 964 1052 idem
984 995 1013 1052 in
1032 995 1090 1052 ima
1103 993 1137 1050 ie

86 1111 92 1122 ·
141 1077 284 1142 ciendum;
310 1095 490 1156 neriusque,
517 1097 553 1138 ex
570 1095 627 1156 quo
657 1077 808 1137 testiculus
834 1075 1003 1155 dependet,
1030 1078 1158 1155 praecis

140 1159 267 1219 dendus:
285 1169 353 1238 post
367 1159 396 1219 id
409 1177 502 1220 venae
522 1171 551 1221 et
566 1163 688 1222 arteriae
704 1161 739 1220 ad
756 1162 862 1236 inguen
877 1160 939 1220 lino
951 1160 1136 1238 deligandae,

141 1249 169 1302 et
184 1243 258 1303 inira
274 1243 418 1303 uinculum
434 1245 648 1305 abscindendae
665 1253 739 1304 suut.

438 1409 627 1474 CAPUT
673 1412 837 1473 XXIII.

183 1527 307 1578 Decerne
324 1544 388 1592 quae
406 1531 470 1581 inter
484 1532 581 1581 tunicas
597 1531 768 1580 testiculorum
787 1531 907 1595 increvit,
927 1531 998 1580 etde
1014 1545 1095 1580 nervo

566 1613 691 1663 indurato.
1140 1619 1154 1659 u

201 1745 276 1805 Caro
297 1765 426 1825 qnoque,
449 1749 474 1806 si
490 1748 603 1827 quaudo
619 1751 694 1810 inter
708 1751 819 1811 tunicas
836 1749 978 1825 increuit,
1002 1748 1077 1808 nihii
1092 1747 1133 1807 du·

139 1827 177 1886 bii
200 1838 259 1905 est,
276 1832 341 1907 quin
357 1831 506 1891 eximenda
523 1834 575 1892 sit:
598 1834 650 1892 sed
665 1834 708 1910 td,
731 1837 797 1913 ipso
821 1843 920 1892 scroto
938 1834 1058 1907 inciso,
1080 1832 1133 1890 ded

140 1912 316 1972 commodius
335 1923 387 1974 est.
406 1917 444 1975 dt
455 1916 479 1975 si
492 1933 599 1976 nervus
610 1917 747 1995 induruit,
764 1919 857 1977 curari
868 1935 917 1976 res
930 1933 1031 1995 neque
1048 1933 1131 1990 maus,

138 2011 233 2075 neque
249 1997 459 2058 medicamento
474 2007 582 2078 potest.
607 2002 719 2078 Urgent
734 2003 808 2061 enim
822 2000 922 2060 febres
938 2001 1094 2076 ardentes,
1109 2006 1132 2057 et

139 2088 186 2139 aut
199 2080 322 2158 virides,
340 2092 387 2142 aut
402 2084 476 2160 nigri
492 2085 631 2153 vomitus;
650 2096 766 2163 praeter
780 2085 869 2161 haec,
886 2086 994 2161 ingens
1012 2086 1094 2160 sitis,
1107 2091 1152 2142 eta

139 2163 253 2241 linguae
276 2166 439 2244 aspritudo;
460 2167 582 2246 fereque
602 2185 618 2228 a
640 2168 686 2229 die
706 2171 791 2229 tertio
813 2185 950 2248 spumans
978 2167 1051 2227 bilis
1073 2168 1130 2228 alm

138 2265 201 2307 cum
222 2251 340 2309 rosione
364 2250 509 2310 redditur:
532 2269 567 2311 ac
581 2269 675 2330 neque
691 2255 796 2313 assumi
811 2253 899 2312 facile
914 2251 1018 2327 cibus,
1041 2267 1131 2328 neque

138 2334 278 2392 contineri
300 2343 414 2412 potest:
435 2351 531 2413 neque
556 2336 644 2394 mutto
666 2346 734 2415 post
750 2347 900 2397 extremae
918 2344 1025 2414 partes
1048 2335 1131 2411 frige·

138 2423 230 2492 scutit,
248 2422 356 2476 tremor
368 2419 469 2494 oritur,
485 2436 583 2478 manus
599 2421 661 2479 siue
673 2423 786 2481 ratione
802 2419 1013 2487 extenduntur:
1030 2417 1131 2478 deinde

138 2498 165 2554 in
181 2497 276 2558 fronte
288 2499 409 2576 frigidus
425 2503 522 2579 sudor,
539 2521 660 2582 eumque
677 2523 755 2564 mors
771 2507 909 2583 sequitur.

445 2669 629 2734 cneus
671 2668 825 2733 xxuu
937 2756 942 2766 Ι

496 2786 532 2836 De
546 2789 637 2836 rainice
649 2788 770 2854 inguinis.

196 2921 253 2982 Ubi
273 2941 345 2983 uero
373 2921 400 2979 in
423 2923 488 3002 ipso
506 2923 621 2999 inguine
647 2941 747 2984 ramex
763 2933 824 3000 est,
841 2925 865 2982 si
886 2932 983 2984 tumor
998 2924 1123 2984 modicus

136 3013 197 3080 est,
213 3007 303 3067 semel
318 3005 419 3075 incidi;
436 3009 460 3066 si
474 3007 581 3082 major,
599 3007 708 3067 duabus
726 3007 810 3068 lineis
826 3005 928 3082 debet,
953 3017 985 3068 ut
1005 3009 1128 3068 mediun'
1180 3055 1181 3066 i

136 3088 300 3150 excidatur:
327 3090 445 3168 deinde,
468 3107 524 3149 uon
545 3099 678 3150 extracto
697 3091 852 3166 testiculo,
880 3091 956 3150 sicut
983 3092 1143 3152 intestinius

135 3184 251 3245 quoque
283 3173 427 3251 prolapsis
448 3173 586 3233 interdum
611 3175 675 3233 fieri
696 3175 798 3248 docuig
828 3173 1015 3251 colligendae
1038 3191 1120 3234 venae

135 3251 377 3329 vinciendaeque‚
404 3256 452 3314 ubi
480 3259 582 3316 tunicis
605 3257 812 3335 inhaerebunt,
840 3265 869 3318 et
894 3257 948 3318 sub
974 3259 1021 3319 his
1045 3257 1119 3318 nodis

135 3335 347 3410 praecidendae
371 3345 443 3395 sunt.
474 3339 575 3417 Neque
597 3341 749 3420 quidquam
774 3343 841 3400 novi
863 3344 977 3401 curatio
998 3343 1118 3402 vulneris

136 3417 199 3486 ejus
223 3416 352 3490 requirit.
