2372 3892
141 190 202 254 ²36
435 201 467 248 u.
484 199 515 248 o.
532 198 631 247 onnus
647 195 841 246 mauruntus

142 355 247 418 &aeci
269 353 427 433 appellant.
467 353 570 434 Neque
591 361 715 428 tument,
737 369 831 432 usqne
853 352 943 412 dunat
964 351 1066 430 oculi,
1092 351 1142 412 sed

142 440 246 500 rubent
262 446 380 514 tanturn,
398 446 428 498 et
442 455 506 498 cnm
520 437 624 497 dolore
641 436 763 514 quodam
779 454 888 513 graves
904 445 985 512 sunt,
1005 444 1040 496 et
1056 445 1142 496 noctu

142 539 213 602 prae
236 522 319 598 gravi
342 521 442 599 pituita
466 521 685 582 inhaerescunt:
714 531 878 598 quantoque
900 521 997 580 minor
1023 521 1141 596 generis

37 679 39 687 .
141 605 225 682 hujus
246 606 380 683 impetus,
402 613 482 664 tanto
503 605 672 664 linismiuus
687 604 839 681 expeditne
856 611 911 664 εει.
946 603 1060 663 lnhoc
1074 605 1139 664 vitio

141 689 258 750 multum
272 687 436 764 ambulare,
449 688 565 747 multum
581 688 732 762 exerceri,
749 687 839 748 lavari
853 705 955 766 saepe,
972 687 1078 766 ibique
1093 688 1156 746 des

142 772 259 847 sudare,
274 772 419 849 multaque
434 772 568 832 frictione
583 775 623 831 uti
639 774 834 832 necessarium
849 780 904 831 est.
927 770 994 830 cibi
1011 789 1111 850 neque
1124 772 1140 829 ii

143 859 191 935 qui
211 855 346 934 implent,
369 873 465 933 neque
485 856 597 914 ninnium
616 873 717 931 acres,
738 857 796 934 apti
818 865 898 930 sunt,
922 856 977 916 sed
990 857 1073 914 inter
1089 855 1139 914 hoa

141 940 237 1000 medii.
272 939 373 1016 Mane,
395 937 444 999 ubi
465 939 641 998 concoxisse
659 940 838 999 manifestum
853 948 912 1016 est,
932 955 993 998 non
1009 947 1061 998 est
1075 939 1138 998 alie

141 1041 259 1162 puppes
274 1024 366 1100 sinapi
377 1024 579 1101 gargarizata
595 1032 653 1082 tum
668 1022 772 1083 deiude
788 1033 874 1101 caput
888 1032 977 1101 atque
988 1040 1027 1082 oe
1038 1022 1138 1082 diutius

161 1120 294 1164 errcnre.
1145 1120 1160 1159 s

205 1189 255 1248 30.
272 1187 429 1263 Collyrium
446 1206 516 1248 sero
532 1190 708 1268 aptissimum
721 1199 775 1267 est,
792 1189 870 1268 quod
881 1185 994 1271 ρινίον
1008 1197 1138 1250 vocatur.

142 1272 236 1332 liabet
255 1272 388 1347 myrrhae
405 1291 434 1352 p.
449 1273 504 1351 )·(.
520 1292 545 1331 a.
563 1275 718 1352 papaveris
735 1275 888 1349 lacrimae,
910 1275 1035 1334 acaciae
1052 1275 1138 1348 succi,

142 1355 263 1436 piperis,
279 1357 393 1434 gummi,
412 1357 587 1433 singulorum
604 1375 632 1436 p.
648 1357 704 1435 )·(.
720 1371 742 1416 1.
758 1358 861 1436 lapidis
878 1358 1057 1434 haematitis,
1075 1358 1139 1437 lapi·

143 1442 186 1501 dia
198 1440 323 1518 phrygii,
340 1439 419 1515 lycii,
436 1439 539 1519 lapidis
557 1440 690 1517 scissilis,
707 1442 884 1518 singulorum
896 1459 925 1520 p.
937 1442 996 1522 )·(.
1009 1455 1052 1502 11.
1068 1441 1139 1501 aeris

142 1523 283 1586 combusti
298 1543 326 1603 p.
340 1524 455 1602 )·(.1v.
476 1523 521 1584 hc
533 1525 668 1603 pyxinum
683 1542 799 1604 quoque
815 1525 919 1585 eodem
933 1525 1159 1586 accommodas

142 1615 199 1669 tum
215 1616 269 1667 est.
997 1623 1000 1626 ·

205 1692 255 1752 31.
279 1691 309 1750 Si
330 1707 402 1750 vero
424 1690 520 1751 scabri
542 1692 621 1752 oculi
643 1681 722 1768 sunt,
747 1693 824 1770 quod
838 1693 962 1752 maxime
978 1693 1007 1751 in
1025 1691 1137 1769 angulis

141 1791 211 1832 esse
234 1774 400 1849 consuevit,
435 1784 532 1853 potest
559 1776 700 1855 prodesse
727 1772 852 1856 ῥινίον;
882 1785 981 1855 potest
1007 1776 1137 1835 similiter

141 1856 183 1931 id,
212 1855 288 1933 quod
312 1855 399 1916 habet
425 1861 571 1935 aeruginis
597 1878 696 1937 rasae,
723 1862 834 1938 piperis
851 1861 952 1938 longi,
982 1859 1136 1938 papaveris

141 1940 297 2014 lacrimae,
331 1941 506 2017 singulorum
536 1961 563 2020 p.
595 1944 670 2022 )·(.
703 1963 736 2004 11.
765 1947 876 2023 piperis
912 1946 989 2024 albi,
1019 1943 1159 2020 gummi!

142 2021 318 2100 singulorum
340 2043 369 2102 p.
391 2025 447 2103 )·(.
468 2039 512 2087 tv.
535 2026 663 2086 cadmiae
684 2027 799 2102 elotae,
826 2045 980 2101 cerussae,
1008 2027 1136 2104 singulo·

141 2125 202 2166 rum
233 2124 260 2186 p.
287 2108 343 2186 )·(.
366 2121 412 2167 VI.
448 2108 563 2168 Nullam
589 2119 683 2170 tamen
706 2111 809 2170 melius
835 2120 880 2170 est
906 2128 992 2188 quam
1019 2109 1136 2188 Euelpi-

141 2192 203 2267 dis,
233 2191 309 2270 quod
333 2185 509 2271 decedendo
531 2194 703 2254 nominabat.
748 2193 842 2252 Habet
868 2195 1026 2272 papaveris
1057 2193 1135 2253 lncri-

142 2291 228 2351 ntae,
257 2293 406 2350 cerussae,
423 2274 527 2353 lapidis
543 2277 629 2351 assii,
646 2275 824 2352 singulorum
841 2293 870 2354 p.
887 2277 937 2355 )·(.
961 2287 997 2338 11'.
1015 2281 1134 2355 gummis

141 2377 170 2440 p.
195 2359 249 2437 )·(.
271 2373 321 2419 111.
344 2359 453 2436 piperis
471 2360 531 2419 albi
559 2379 587 2439 p.
608 2361 730 2440 )u(.1v.
754 2363 834 2422 croci
860 2381 890 2440 p.
912 2362 967 2440 )·(.
995 2375 1045 2421 vt.
1070 2374 1157 2440 pso-2⁵

140 2443 193 2501 rici
215 2443 322 2521 p.')·(.
345 2455 422 2502 x111.
459 2442 543 2503 Nulla
573 2454 667 2504 autem
695 2463 750 2522 per
770 2463 802 2504 se
827 2446 947 2505 materia
973 2455 1040 2519 est,
1066 2461 1134 2522 qnae

141 2525 286 2602 psoricum
307 2527 482 2596 nominetar;
507 2527 558 2587 sed
583 2528 742 2588 chalcitidis
756 2528 881 2606 aliquid,
905 2538 934 2588 et
951 2529 1086 2590 cadmiae
1099 2526 1133 2586 di-

109 2659 112 2666 .
139 2605 225 2666 midio
248 2608 313 2685 plus
335 2627 372 2668 ex
393 2619 477 2668 aceto
490 2611 582 2670 ‘simul
604 2620 803 2690 conteruntur,
823 2613 909 2690 idque
929 2613 959 2671 in
979 2629 1033 2672 vas
1051 2608 1134 2670 lictdc

140 2689 281 2765 additum,
305 2700 334 2750 et
355 2700 519 2754 contectum
539 2694 670 2754 liculneis
686 2695 783 2772 foliis,
808 2695 860 2755 sub
879 2704 957 2755 terra
973 2695 1134 2773 reponitur,

140 2772 339 2852 sublatumque
361 2783 428 2853 post
449 2776 512 2836 dies
530 2780 630 2854 viginti
645 2797 744 2837 rursus
759 2781 876 2854 teritur,
897 2787 927 2838 et
942 2780 986 2838 sic
1005 2777 1158 2856 appella-tt

139 2868 193 2918 tur.
225 2859 336 2918 Verum
352 2858 389 2918 de
405 2857 527 2919 basilico
543 2861 658 2939 quoqne
674 2862 799 2936 collyrio
816 2863 968 2936 convenit,
984 2861 1022 2920 ad
1038 2877 1134 2920 ornnes

140 2943 261 3002 adectus
278 2944 426 3003 oculorum
443 2943 472 3002 id
488 2961 555 3004 esse
572 2945 722 3020 idoneum,
746 2935 793 3023 s'pui
808 2963 867 3004 non
883 2944 997 3005 lenibus
1013 2944 1133 3004 medica·

139 3028 242 3086 mentis
264 3038 407 3089 curantur.
443 3026 499 3088 Ubi
524 3045 581 3087 non
604 3037 668 3088 sunt
683 3039 777 3089 autem
794 3029 1002 3088 medicamenta
1021 3043 1133 3106 compo

140 3109 210 3182 sita,
237 3109 358 3170 scabros
375 3111 497 3187 angulos
511 3111 626 3170 laevant
641 3121 670 3171 ct
686 3112 744 3171 mel
758 3121 788 3171 et
803 3114 913 3172 vinum:
935 3115 1133 3188 succurritque

140 3190 224 3249 ethis
237 3200 265 3248 et
276 3194 372 3252 aridae
385 3194 555 3272 lippitudini,
568 3195 592 3253 si
606 3198 669 3272 quis
683 3213 786 3274 panem
799 3213 837 3254 ex
847 3197 914 3255 vino
927 3195 1079 3255 subactum
1092 3202 1157 3252 sn-tt

139 3291 193 3353 per
205 3273 319 3333 oculum
330 3277 458 3352 imponit.
476 3276 547 3336 Nam
559 3296 643 3356 quum
651 3279 713 3338 iera
722 3278 866 3337 sithumor
874 3279 987 3357 aliquis,
995 3277 1132 3356 quimodo

139 3361 231 3436 ipsum
240 3357 363 3432 oculum,
376 3359 461 3419 modo
470 3361 601 3437 angnulos,
615 3361 1002 3440 autpalpebrasexasperat,
1013 3356 1131 3434 sic,etsl

139 3440 206 3520 quid
220 3440 315 3519 prodit
327 3440 465 3518 humoris,
478 3444 647 3519 extrahitur,
660 3453 689 3504 et
701 3447 725 3503 si
738 3445 805 3522 quid
813 3446 896 3519 jnxta
907 3455 960 3523 est,
973 3445 1130 3524 repellitur.
