2392 3906
159 186 219 254 tii
449 201 483 250 s.
497 199 527 249 o.
544 197 644 248 osser
658 197 853 247 isaurorum

159 367 188 418 et
203 355 360 417 cruditates
376 353 522 415 cavendae
538 363 612 413 sunt.
646 349 717 412 Gom
731 351 834 432 quibus
849 349 954 428 ingere
973 359 1091 430 oportet
1104 367 1147 410 su·

159 442 233 516 lem,
246 439 395 515 balneum,
420 438 532 516 ignem,
552 437 706 514 omniaque
722 435 939 503 ualeiaoientia;
964 437 1032 494 ite·
1046 435 1148 512 frigus,

158 527 269 598 vinum,
291 539 444 596 venerem,
467 521 525 581 looi
547 521 716 598 praecipitis
738 528 945 597 eonspeotum,
969 519 1150 596 omniumque

159 607 342 680 terrentium,
368 607 520 682 vomitum,
541 603 756 678 lassitudinem,
780 601 1007 678 sollicitudines,
1034 603 1150 678 negotia

160 693 264 762 omnia;
303 687 352 749 ubi
367 691 453 750 tertio
468 687 515 748 die
531 687 613 747 oibus
628 687 711 748 datus
727 695 787 764 est,
804 687 993 746 intermittere
1010 695 1166 764 quannms

160 784 189 834 et
214 775 335 834 invicem
363 773 483 832 alterum
510 789 675 849 quemque,
710 770 813 830 eadem
836 770 909 830 bora
938 770 995 830 oibl
1024 778 1150 843 servata,

160 857 254 918 donee
275 855 491 934 quatuordeeim
512 855 574 914 dies
598 862 756 916 transeant.
793 852 874 926 Quos
897 853 947 913 ubi
965 852 1088 913 morbus
1104 870 1152 912 ex·

160 941 265 1016 oessit,
287 940 362 998 acuti
382 939 440 997 vim
461 939 611 1017 deposuit:
633 955 684 1013 ao,
706 938 731 997 si
751 946 860 1013 manet,
883 937 1025 996 curandus
1043 938 1106 1012 jam
1124 943 1152 994 ut

160 1023 264 1099 longus
281 1031 335 1086 est.
363 1020 448 1094 Quod
463 1024 505 1097 si,
520 1031 577 1082 uon
593 1038 651 1100 quo
663 1020 710 1081 die
722 1022 842 1100 primurn
854 1020 882 1080 id
894 1021 1007 1097 incidit,
1023 1021 1151 1081 medicus

160 1107 302 1182 accessit,
319 1104 426 1181 sedis,
444 1108 492 1183 qui
506 1105 613 1165 eadere
628 1104 797 1180 consuevit,
818 1106 846 1164 ei
863 1105 984 1165 traditus
999 1113 1059 1170 est;
1087 1121 1175 1182 pro-u

160 1190 234 1248 tinus
254 1204 290 1246 eo
310 1205 420 1263 genere
437 1190 530 1248 vietus
547 1188 662 1264 habito,
685 1189 734 1267 qui
750 1207 837 1267 supru
853 1188 1084 1266 comprehensus
1097 1189 1149 1260 est,

130 1313 132 1320 -
160 1270 372 1348 exspectandus
389 1281 434 1331 est
448 1272 526 1349 dies,
543 1289 600 1350 quo
618 1271 801 1350 prolabatur;
824 1272 1015 1351 utendumque
1030 1280 1090 1331 tum
1105 1270 1150 1329 vel

160 1355 307 1431 sanguinis
332 1355 486 1430 missione,
519 1355 568 1414 uel
590 1355 725 1414 duotione
746 1355 820 1430 alvi,
849 1356 898 1415 vel
918 1357 1001 1432 nigro
1024 1364 1149 1430 veratro,

162 1438 235 1496 siout
256 1447 444 1517 praeceptum
466 1447 526 1498 est:
550 1437 769 1516 insequentibus
787 1439 891 1500 deinde
911 1438 1013 1499 diebus
1030 1457 1086 1518 per
1101 1455 1150 1497 eus

161 1520 261 1595 eibos,
285 1538 358 1599 quos
381 1523 536 1600 proposui,
555 1523 651 1581 vitetis
672 1521 820 1598 omnibus,
844 1541 917 1601 quae
934 1522 1063 1582 cavenda
1084 1523 1174 1596 dixis

160 1603 337 1663 nutriendus.
361 1605 392 1664 st
407 1623 462 1683 per
475 1605 549 1666 baeu
563 1604 680 1666 morbus
694 1607 787 1665 linitus
796 1623 855 1665 non
866 1607 966 1684 inerit,
982 1607 1149 1684 oudingien·

160 1687 225 1747 dum
247 1687 303 1745 erit
322 1687 357 1747 ad
378 1688 474 1748 album
496 1698 656 1758 ueratrum3
685 1707 721 1750 ao
741 1699 786 1750 ter
801 1707 917 1768 quoque
933 1700 981 1750 aut
998 1699 1104 1769 quater
1116 1707 1150 1750 eo

160 1768 310 1844 utendum,
329 1787 386 1830 noo
407 1771 446 1831 ita
468 1772 564 1831 multis
585 1774 763 1852 interpositis
781 1773 899 1840 diebus:
919 1775 963 1833 sie
979 1784 1094 1850 tamen,
1117 1791 1150 1832 ns

160 1853 261 1910 iterum
277 1871 409 1931 umquam
424 1864 532 1932 sumat,
550 1856 604 1914 nisi
618 1856 786 1918 oonoiderit.
822 1855 925 1918 illediis
940 1867 1036 1918 autem
1051 1857 1150 1918 diebos

160 1935 238 1994 vires
260 1937 323 2010 ejus
344 1946 427 1997 erunt
447 1939 630 2007 nutriendae:
657 1940 839 2019 quibusdam
860 1950 978 2020 praeter
1001 1959 1054 2017 ea,
1079 1956 1173 2020 quaet

161 2021 380 2099 suprascripta
405 2030 488 2098 sunt,
519 2022 650 2101 adjectis.
695 2023 751 2084 Ubi
773 2041 856 2085 mane
879 2034 1073 2102 experrectus
1099 2033 1149 2098 est,

161 2118 268 2179 eorpus
292 2105 356 2178 ejus
382 2104 486 2166 leniter
510 2123 547 2165 ex
570 2107 638 2166 oleo
663 2116 780 2185 vetere,
810 2125 874 2168 oum
899 2109 996 2186 eapite
1021 2117 1150 2187 exeeptu

160 2194 277 2262 ventre,
294 2188 523 2265 permuloeatur:
545 2199 603 2250 turn
617 2189 810 2252 ambulatione
828 2209 912 2270 quam
925 2191 1049 2252 maxime
1066 2192 1150 2269 longa

161 2277 191 2328 et
206 2278 287 2329 reeta
309 2280 417 2332 utatur:
439 2284 508 2352 post
525 2273 744 2335 ambulationem
765 2275 832 2334 loeo
847 2275 946 2353 tepido
962 2275 1150 2336 vehementer

160 2360 190 2410 et
207 2351 269 2426 diu,
293 2371 328 2413 ao
343 2371 400 2414 non
416 2358 508 2416 minus
522 2357 689 2432 ducenties,
710 2359 765 2416 nisi
779 2358 906 2418 iniirmus
921 2359 993 2434 erit,
1009 2359 1172 2437 peririoett

159 2442 219 2491 tur:
243 2435 347 2496 deinde
370 2456 424 2515 per
443 2448 530 2517 eaput
548 2440 634 2499 multa
651 2457 724 2517 aqua
740 2439 843 2517 irigida
857 2443 1062 2520 perirrndatur;
1087 2462 1149 2522 pau·

159 2515 216 2572 lum
232 2515 288 2575 eibi
304 2528 442 2587 assumat;
467 2522 669 2597 conquiesoau
694 2540 793 2582 rursus
811 2535 877 2586 ante
895 2537 1011 2586 bootem
1027 2527 1149 2588 ambulo

159 2597 237 2654 tione
261 2607 369 2668 utatur;
397 2603 500 2661 iterum
520 2602 706 2664 vehementer
727 2607 918 2686 peririoetur,
942 2613 987 2669 sio
1006 2620 1038 2672 ut
1058 2629 1150 2690 neque

158 2687 277 2775 venter,
299 2696 395 2758 neque
417 2693 503 2761 eaput
523 2687 717 2763 contingetem
739 2700 806 2768 post
826 2691 900 2752 bueo
920 2703 1042 2762 eoenet;
1066 2697 1149 2756 inter·

158 2761 321 2839 posrtisque
341 2763 434 2824 tribus
454 2776 502 2826 aut
521 2777 645 2845 quatuor
666 2771 784 2850 diebus,
813 2791 869 2834 uno
887 2785 936 2836 aut
956 2778 1053 2838 altero
1074 2780 1172 2840 aeriam

159 2853 293 2903 assumat.
314 2845 345 2905 Si
362 2865 398 2906 ne
414 2866 468 2926 per
478 2850 552 2911 baeu
565 2853 679 2930 quidem
691 2856 778 2917 luerit
789 2857 938 2935 liberatus,
954 2869 1042 2940 eaput
1053 2863 1148 2930 radat;

157 2935 279 3000 ungatur
304 2929 372 2992 oleo
400 2940 519 3010 vetere,
549 2935 663 3012 adjeuto
690 2950 774 3001 aoeto
794 2950 824 3000 et
845 2944 933 3012 nitro;
964 2946 1150 3023 perfundatur

158 3021 231 3106 apua
253 3012 344 3082 salsa:
370 3014 450 3075 bibat
467 3018 583 3094 jejunus
605 3039 643 3080 ex
666 3041 739 3101 aqua
761 3033 938 3094 castoreum
967 3028 1046 3099 nulla
1066 3047 1148 3108 aqna,

157 3106 212 3188 nrsp
229 3091 368 3172 deooota,
386 3100 513 3176 potionis
529 3119 616 3164 eausa
630 3112 733 3165 utatur.
769 3107 888 3180 Quidam
900 3111 1024 3188 jugulati
1036 3113 1148 3190 gladia-

156 3180 228 3233 torrs
247 3176 342 3274 oalido
362 3183 500 3259 sanguine
522 3195 611 3263 epoto
633 3188 683 3247 tali
701 3189 803 3250 morbo
824 3210 857 3251 se
874 3193 1047 3256 liberarunt:
1072 3197 1172 3276 apudo

156 3269 230 3330 quos
258 3276 392 3322 miserum
426 3266 560 3327 auxilium
593 3270 749 3331 tolerabile
780 3275 912 3334 uriserius
942 3279 1047 3338 malurn
1079 3281 1148 3342 ieoit

156 3337 211 3435 (oi.
225 3337 295 3399 Plio.
308 3341 440 3441 Xlll'lll,
458 3349 485 3422 1,
498 3348 529 3419 2;
546 3350 628 3411 Aret.
639 3353 712 3414 Cur.
724 3354 858 3418 oloronis.
870 3357 893 3433 l,
906 3360 940 3429 ⁴3
957 3360 1018 3421 lies
1027 3361 1146 3441 Etaugs,

153 3438 185 3482 tn
201 3421 248 3484 sd.
265 3423 355 3504 Celer,
371 3445 400 3505 p.
413 3427 499 3510 281).
530 3433 615 3506 Quod
632 3436 667 3496 ad
681 3438 821 3499 medicum
836 3459 907 3501 uero
924 3447 1067 3526 pertinet,
1083 3449 1146 3510 ulti·
