2384 3896
350 207 420 256 crs.
435 207 467 254 v.
489 189 570 256 oar?
581 203 745 258 xu--xvrn
982 199 1040 260 165

398 360 581 425 CAPUT
613 363 695 424 XV.

447 479 515 541 Quae
532 482 652 532 molliant.

66 609 69 613 ’
110 615 246 678 Molliunt
269 631 320 675 aes
342 616 536 695 combustum,
562 626 639 678 terra
662 607 782 695 eretria,
807 623 925 698 nitrum,
954 641 1040 703 papa·

53 701 130 760 reris
147 701 281 776 lacrima,
300 703 520 779 ammoniacum,
537 701 689 778 bdellium,
706 721 790 780 cera,
804 721 922 780 serum,
938 706 1041 784 adeps,
1154 703 1159 714 ’

33 783 164 860 solcum,
185 785 257 844 ficus
277 783 372 860 arida,
398 802 552 862 sesamum,
574 786 681 846 sertula
698 803 854 866 campana,
876 791 998 848 narcissi
1013 800 1042 848 et

53 866 134 926 radix
160 876 189 926 et
214 885 329 938 semen,
357 885 443 928 rosae
468 868 556 946 iolla,
586 869 755 948 coagulum,
784 871 902 931 uitellus
925 872 1041 946 crudus,

53 968 167 1011 amarae
189 969 295 1028 nuces,
311 950 452 1012 medullae
466 954 574 1029 omnis,
601 953 680 1032 stibi,
706 957 773 1034 pix,
801 953 924 1015 cochlea
946 965 1041 1030 cocta,

53 1036 164 1094 cicutae
189 1049 303 1112 semen,
325 1033 433 1114 plumbi
452 1045 680 1108 recrementum
703 1036 851 1116 σκωρίαν
868 1031 1042 1118 μολύβδου

54 1117 157 1178 Graeci
178 1127 299 1187 roceum
327 1135 468 1198 panaces,
491 1120 717 1200 cardamomum,
738 1121 908 1199 galbanum,
934 1125 1042 1196 resina,

24 1218 107 1264 rouva
131 1203 264 1277 taminia,
289 1211 404 1282 styrax,
425 1204 493 1280 iris,
515 1203 688 1283 balsamum,
712 1205 814 1268 sordes
830 1223 868 1266 ex
882 1207 1042 1283 gymnasio,

53 1284 190 1364 sulphur,
205 1285 352 1364 butyrum,
368 1297 441 1348 ruta.
594 1303 601 1316 ’

387 1471 570 1536 CAPUT
602 1473 711 1535 XVI.

395 1587 465 1648 Quae
481 1595 563 1638 cutem
581 1597 700 1656 purgent.
856 1657 861 1666 Ι

113 1723 217 1784 Cutem
231 1731 336 1803 purgat
350 1723 424 1802 mel,
440 1724 491 1785 sed
506 1725 597 1801 magis
612 1723 636 1784 si
652 1731 697 1785 est
713 1741 776 1786 cum
787 1665 891 1803 galla:
902 1726 948 1785 vel
961 1742 1042 1803 ervo,

26 1807 99 1872 tarel
119 1807 275 1886 lenticula,
298 1808 346 1868 vel
362 1808 524 1888 marrubio,
549 1808 597 1868 vel
619 1807 707 1888 iride,
730 1808 779 1870 vel
794 1817 872 1888 ruta,
894 1809 942 1870 vei
957 1813 1043 1887 nitro,

57 1889 98 1950 rel
114 1891 265 1969 aerugine.

374 2044 558 2107 CAPUT
592 2045 728 2106 XVII.

709 2132 719 2150 .

131 2163 170 2212 De
190 2163 308 2214 mixturis
324 2163 476 2230 simplicium
492 2177 590 2224 rerum„
608 2171 634 2214 et
651 2162 682 2213 de
700 2164 797 2214 ratione
810 2166 960 2230 ponderum.

117 2300 143 2358 1.
165 2297 319 2377 Expositis
331 2295 508 2377 simplicibus
520 2297 714 2376 facultatibus,
730 2299 880 2360 dicendum
892 2308 937 2360 est
949 2317 1044 2377 quem-

27 2405 50 2448 ω
60 2380 207 2441 admodum
222 2384 412 2459 misceantur,
429 2400 560 2461 quaeque
574 2400 612 2442 ex
626 2382 670 2442 his
684 2384 759 2444 bant.
784 2383 940 2444 Miscentur
953 2391 1046 2443 autem

57 2467 152 2541 varie,
178 2483 275 2543 neque
296 2465 379 2540 hujus
402 2464 476 2526 ullus
497 2465 598 2526 modus
620 2475 677 2536 est;
690 2523 693 2529 ,
706 2485 790 2545 quum
809 2485 847 2528 ex
868 2466 1046 2545 simplicibus

59 2548 110 2608 alia
131 2549 298 2624 demantur,
320 2549 377 2608 alia
391 2549 576 2624 adjicientum
595 2550 754 2629 iisdemque
770 2551 911 2624 servatis,
936 2550 1045 2630 ponde-

57 2651 114 2692 rnm
131 2633 209 2692 ratio
230 2640 362 2691 mutetur.
397 2631 497 2711 ltaque
520 2651 604 2712 quum
622 2632 786 2694 facultatum
800 2634 919 2694 materia
936 2650 992 2692 non
1009 2635 1047 2693 ita

10 2723 12 2730 ’
58 2715 206 2794 multIplex
227 2717 280 2793 sit,
301 2717 515 2777 innumerabilia
536 2719 720 2778 mixturarum
739 2735 850 2796 genera
870 2726 948 2777 sunt:
973 2733 1047 2795 quae

27 2821 51 2862 a
61 2791 264 2879 comprehendi
281 2800 305 2859 si
322 2809 456 2878 possent,
478 2809 572 2862 tamen
588 2810 666 2861 esset
682 2819 899 2880 supervacuum.
932 2799 1004 2859 Nam
1019 2806 1048 2857 et

59 2881 139 2942 iidem
161 2883 285 2943 effectus
305 2884 378 2944 intra
399 2901 506 2962 paucas
530 2887 758 2963 compositiones
782 2894 864 2959 sunt,
888 2890 917 2941 et
938 2891 1047 2941 mutare

60 2983 108 3026 eas
130 2965 264 3043 cuilibet,
289 2967 412 3044 coguitis
431 2965 631 3046 facultatibus,
654 2967 740 3028 facile
764 2975 818 3026 est.
853 2965 954 3042 ltaque
978 2981 1046 3024 con·

60 3058 151 3109 tentus
167 3051 203 3108 iis
219 3067 291 3128 ero,
309 3068 380 3128 quas
396 3051 497 3130 accepi
512 3051 591 3111 velut
608 3051 811 3110 nobilissimas.
833 3045 865 3108 lu
880 3047 937 3108 boc
953 3056 1048 3108 autem
1105 3085 1109 3090 ,

61 3132 204 3192 volumine
227 3149 278 3194 eas
299 3133 472 3212 explicabo,
502 3153 576 3212 quae
598 3134 646 3195 vel
667 3132 826 3193 desiderari
848 3133 877 3192 in
903 3129 1055 3210 prioribus

34 3224 230 3294 mpotuerunt,
254 3217 302 3277 vel
323 3216 359 3277 ad
380 3235 429 3277 eas
452 3219 616 3278 curationes
639 3219 798 3296 pertinent,
825 3233 895 3295 quas
916 3217 1048 3294 protinus

63 3297 107 3358 bic
133 3300 392 3378 comprehendam,
424 3303 467 3360 sic
491 3309 650 3379 attamen,
682 3317 755 3379 quae
776 3301 869 3378 magis
889 3299 1048 3360 communia

10 3391 12 3402 ¹
65 3392 143 3458 suut,
165 3383 250 3444 simul
268 3385 397 3462 jungam.
436 3385 467 3444 Si
490 3383 697 3463 quasingulis,
719 3384 865 3444 ueletiam
884 3383 1047 3461 paucisac·
1156 3453 1162 3463 x

66 3466 242 3528 commodata
262 3477 348 3548 suut,
371 3469 400 3529 in
420 3469 545 3548 ipsarum
564 3468 659 3528 locum
680 3465 819 3528 differam.
855 3466 913 3527 Sed
935 3475 963 3526 et
983 3473 1048 3526 ante
