2384 3896
380 221 449 270 nna.
465 221 498 270 u.
521 221 597 270 cnr.
614 221 709 271 xxvi.
980 213 1038 278 185
1079 239 1088 252 -

29 393 105 438 rum
123 395 154 455 p.
167 376 223 456 )·(.
235 387 279 436 vt.
297 393 370 455 quae
387 375 472 436 melle
489 378 681 456 excipiuntur.
705 376 736 437 id
752 383 845 438 autem
859 388 887 438 et
905 378 1038 440 devorari

32 470 163 542 potest,
179 469 260 519 etex
274 476 348 538 aqua
365 459 458 520 oaiida
474 463 555 519 sumi.

102 545 159 606 aa.
180 543 320 604 Infantem
336 560 407 603 vero
426 553 577 620 mortuum,
596 554 643 605 aut
658 546 800 605 secundas
812 547 934 625 expellit
946 567 1038 628 aqurae

33 631 145 710 potio,
172 631 217 689 oni
240 628 309 688 salis
330 629 497 688 ammoniaci
520 647 548 706 p.
563 630 619 708 )·(.
636 645 658 689 1.
684 638 732 690 aut
748 632 792 690 eui
808 630 921 690 dictami
938 635 1037 692 cretici

2 732 68 793 sp·
87 712 148 793 )·(.
167 727 189 772 1.
204 712 347 787 adiectum
365 720 418 771 est.

110 799 160 857 14.
183 795 228 856 Er
247 804 329 876 parto
344 794 486 856 laboranti
503 797 655 870 erysimum
672 813 710 856 ex
724 797 791 857 vino
808 796 908 877 tepido
919 799 1039 873 jeiunae

37 880 107 941 dari
125 879 222 940 debet.

38 1046 59 1106 d
113 965 160 1024 15.
183 962 294 1024 Vocem
310 963 509 1039 adjurationis
525 983 552 1044 p.
568 965 624 1042 )·(.
641 977 663 1024 1.
682 964 710 1024 in
724 962 835 1024 duobus
853 963 964 1039 cyathis
982 967 1039 1025 uini

62 1055 153 1106 atum.
1021 1097 1024 1103 .

7 1155 25 1197 c
113 1131 162 1192 16.
195 1129 345 1190 Adversus
364 1132 463 1191 urinae
485 1131 697 1193 difficultatem:
730 1131 840 1211 piperis
866 1130 962 1210 longi,
994 1146 1039 1191 ca·

37 1216 155 1291 storci,
176 1214 325 1291 myrrhae,
346 1212 480 1291 galbani,
499 1217 653 1295 papaveris
669 1215 822 1292 lacrimae,
840 1217 935 1290 croci,
954 1215 1039 1289 costi,

36 1300 150 1359 unciae
166 1298 312 1376 singulae,
329 1299 468 1375 styracis,
485 1301 599 1360 resinae
615 1299 844 1376 terebinthinae,
861 1297 957 1379 pondo
973 1316 1039 1358 sex·

38 1392 159 1458 tontes,
184 1382 386 1460 melampsithii
409 1382 544 1457 cyathus:
579 1382 738 1462 exquibus
759 1381 794 1444 ad
817 1381 1040 1460 magnitudinem

37 1465 133 1527 fabae
149 1467 303 1544 aegyptiae
323 1475 351 1525 et
368 1483 450 1526 mane
467 1475 496 1525 et
512 1475 635 1526 coenato
651 1466 712 1526 dari
727 1464 825 1526 debet.
998 1539 1001 1546 Ι

0 1581 29 1622 ιι
110 1552 158 1611 17.
187 1550 339 1610 Arteriace
354 1566 426 1609 vero
441 1548 498 1609 hoo
512 1549 599 1610 modo
615 1551 659 1610 iit:
686 1551 798 1625 casiae,
822 1548 918 1623 iridis,
944 1550 1040 1607 cinna·

39 1635 151 1710 mouri,
180 1633 277 1710 nardi,
296 1633 446 1710 myrrhae,
472 1634 559 1708 turis,
585 1633 765 1710 singulorum
786 1649 814 1710 p.
835 1634 892 1712 )·(.
915 1646 937 1691 1.
960 1632 1039 1692 croci

40 1736 75 1798 p.
93 1719 156 1796 )·(.,
166 1731 189 1776 1.
206 1735 238 1795 z,
263 1718 372 1796 piperis
391 1734 481 1793 grana
496 1729 570 1777 xxx
585 1735 623 1776 ex
638 1718 716 1795 passi
731 1715 822 1776 tribus
839 1717 974 1776 sextariis
992 1714 1040 1774 de'·

32 1810 225 1880 *coquuntor,
244 1802 338 1862 donec
352 1799 447 1861 meilis
465 1800 626 1862 crassitudo
641 1801 687 1860 his
701 1799 764 1868 flat:
791 1808 840 1860 aut
855 1801 949 1875 croci,
966 1816 1040 1873 myr-

41 1884 135 1960 rhae,
159 1885 246 1961 turis,
267 1885 444 1961 singulorum
459 1903 488 1964 p.
502 1885 558 1964 )·(.
573 1897 596 1946 1.
616 1885 806 1960 conjiciuntur
823 1886 851 1942 in
870 1887 947 1962 passi
964 1901 1040 1943 enm·

16 1968 113 2030 odem
137 1967 267 2045 modum,
299 1968 459 2046 eodemque
483 1966 567 2028 modo
590 1969 807 2048 decoquuntur:
840 1976 887 2027 aut
912 1967 1041 2044 ejusdem

44 2053 129 2132 passi
143 2052 274 2112 heminae
288 2061 348 2114 tres
363 2069 454 2130 usque
472 2069 508 2112 eo
525 2062 699 2131 coquuntur,
719 2050 814 2111 denec
829 2059 959 2114 extracta
975 2049 1041 2110 inde

44 2146 130 2214 gutta
144 2137 322 2204 indurescat:
340 2153 376 2197 eo
389 2136 523 2211 adjicitur
539 2139 623 2196 tritae
638 2137 735 2196 ousiae
751 2153 780 2214 p.
795 2134 850 2213 )·(.
866 2146 888 2193 1.

358 2341 545 2438 onnon
575 2374 728 2435 xxvn.
766 2387 767 2390 ι

25 2495 32 2506 “
67 2493 104 2544 De
121 2495 232 2558 quinque
248 2495 385 2560 generibus
402 2511 526 2546 noxarum
544 2497 656 2561 eorporis
675 2503 699 2545 et
716 2495 798 2561 primo
816 2493 847 2543 de
865 2491 1019 2541 volueribus.

6 2671 34 2712 2⁵
113 2645 205 2720 Quuin
225 2646 376 2707 iacuitates
398 2646 669 2707 medicamentorum
692 2645 910 2725 proposuerim,
932 2659 1040 2722 genera
1154 2697 1163 2707 ,

44 2731 76 2789 in
99 2729 200 2807 quibus
221 2749 295 2790 noxa
320 2732 439 2810 corpori
461 2741 520 2808 est,
542 2747 713 2811 proponam.
749 2729 792 2790 Es
813 2732 937 2809 quinque
960 2735 1039 2788 sont:

45 2831 133 2892 quum
152 2815 220 2892 quid
243 2816 426 2875 extrinsecus
449 2815 547 2892 laesit,
571 2824 602 2874 ut
623 2815 651 2874 in
669 2813 850 2884 vulneribus;
873 2829 958 2890 quum
972 2809 1040 2887 quid

44 2900 120 2956 intra
134 2900 260 2976 seipsum
277 2908 445 2978 corruptum
463 2909 525 2976 est,
547 2907 578 2958 ut
592 2900 620 2958 in
636 2914 759 2965 cancro;
783 2915 866 2975 quum
882 2894 948 2974 quid
962 2895 1039 2950 inna-

45 2990 105 3041 tum
122 2990 180 3058 est,
201 2991 233 3041 ut
248 2983 275 3041 in
290 2985 390 3043 vesica
405 2983 549 3052 calculus;
572 3000 656 3061 quum
673 2981 740 3061 quid
755 2980 889 3054 increvit,
910 2986 940 3035 nt
954 2991 1039 3049 vene,

8 3090 38 3132 ¹,ec
49 3081 125 3144 quae
144 3066 339 3126 intumescens
358 3067 387 3126 in
404 3069 532 3128 varicem
547 3069 740 3133 convertitur:
762 3080 846 3141 quum
861 3061 929 3139 quid
946 3059 1040 3134 deest,

48 3157 79 3208 ut
99 3166 184 3226 quum
204 3158 285 3210 curta
307 3167 374 3228 pars
396 3151 490 3229 aliqua
512 3161 567 3211 est.
601 3149 648 3210 Ex
669 3149 713 3208 his
738 3147 793 3207 alia
811 3155 877 3206 sunt
894 3143 1040 3224 inquibus

48 3231 271 3309 medicamenta,
290 3233 344 3312 aiia
357 3236 384 3293 in
396 3235 500 3313 quihus
512 3233 577 3314 plus
589 3251 688 3293 manus
700 3230 826 3311 proiicit.
849 3229 930 3308 ligo,
946 3229 1041 3288 dilatis

50 3319 86 3376 iis
106 3333 179 3394 quae
194 3319 353 3397 praecipue
368 3318 539 3398 scalpellum
555 3326 586 3378 et
602 3331 713 3376 manum
729 3314 890 3394 postulent,
915 3331 990 3372 nnnc
1004 3309 1041 3368 de

49 3400 84 3460 iis
99 3400 193 3460 dioam
209 3418 283 3479 quae
297 3405 419 3462 maxime
435 3401 650 3462 medicamentis
665 3408 762 3477 egent.
801 3398 932 3458 Dividam
948 3404 1040 3456 autem

16 3484 125 3550 sshano
146 3500 263 3564 queque
283 3486 401 3548 enreudi
424 3495 550 3566 partem,
574 3486 802 3564 sicutpriorem;
825 3491 853 3542 et
867 3490 932 3542 ante
948 3480 1041 3539 dicam
