2384 3896
144 177 206 238 att
433 187 512 236 ac.
528 187 835 238 csns1nnntctutn

143 361 198 423 pus
213 350 362 419 movetur:
381 341 434 402 ut
450 359 514 402 cnm
529 343 576 402 siti
590 341 749 420 vigilisque
764 343 924 420 sentiuntur
934 342 1010 402 intus
1024 343 1142 422 atique

144 428 327 506 punctiones.
361 423 399 486 Et
419 425 497 502 quod
518 424 669 488 desubito
693 425 798 490 durius
804 443 863 485 ucn
881 434 943 501 est,
958 426 1068 486 melius
1081 437 1140 496 est;

102 505 117 514 “’
143 520 173 570 et
189 511 318 588 quamvis
331 525 390 568 ncn
403 507 504 586 nubet,
521 508 630 570 colonis
644 518 739 570 umen
756 508 841 570 aliter
857 510 956 568 mutati
970 518 1025 569 est.
1060 512 1142 586 Quae

103 670 106 676 Ι
142 594 299 671 signujam
311 593 507 672 puteoriente
522 602 692 654 nascuntur:
708 592 957 671 ttmcrsubcrqne
970 593 1142 654 mnitcantc

143 679 291 756 incipiunt.
322 674 380 736 Sed
396 694 421 735 ει
413 676 519 736 locus
533 676 632 737 mollis
647 685 709 752 est,
719 669 909 736 avertendus
924 678 1069 737 materiae
1086 677 1158 742 adis

142 773 188 822 tus
203 770 249 822 est
266 779 321 840 per
336 759 557 839 cataplasmata,
574 778 648 838 qnae
665 760 747 820 simnl
766 768 796 820 et
809 763 985 840 reprimunt,
1010 769 1042 820 et
1060 763 1141 820 refri-

145 853 265 922 gerant:
285 843 381 922 qualia
392 852 422 903 et
434 843 504 903 alias
516 853 546 903 et
559 845 646 922 punio
661 845 753 904 ante
745 863 773 903 uu
788 845 967 922 erysipelate
985 847 1140 923 proposui.

143 930 174 989 Si
191 929 252 1004 jam
273 927 371 988 durior
395 936 456 1002 est,
478 926 514 987 ad
536 945 572 987 es
593 928 765 988 venientum
780 937 843 1003 est,
867 945 942 1006 quae
960 926 1101 1004 digerant
1116 938 1142 987 et

142 1011 308 1072 resolvant:
323 1009 419 1088 qualis
430 1019 476 1070 est
494 1012 565 1072 ficus
580 1011 659 1071 arida
674 1020 809 1080 contusa:
824 1021 872 1072 aut
886 1012 955 1071 faex
970 1014 1065 1071 mixta
1082 1029 1140 1072 cum

143 1103 260 1170 nermo,
279 1093 356 1174 qnod
370 1111 408 1152 ex
423 1094 510 1172 adipe
523 1094 607 1156 suilla
623 1103 754 1155 coactum
776 1098 827 1164 sit;
851 1105 899 1156 ant
914 1097 1085 1155 cucumeris
1099 1115 1138 1156 ra·
1149 1123 1165 1162 u

143 1181 192 1240 dix
215 1179 270 1258 (ct.
296 1177 352 1253 18,
375 1180 439 1238 7et
456 1177 529 1258 13),
549 1180 595 1237 cni
618 1179 770 1238 exterius
792 1178 865 1244 duae
887 1188 986 1258 partes
1005 1178 1140 1253 adjectae

144 1266 216 1336 sint,
231 1269 297 1322 ante
312 1279 350 1320 ex
361 1260 616 1324 mulscdeccctte.
636 1261 717 1324 Licet
728 1264 812 1322 etiam
825 1265 1065 1341 miseeieaeqnis
1075 1281 1139 1342 pcr·

143 1344 270 1405 tionibus
283 1345 500 1421 ammoniacum,
514 1346 679 1423 galbanum,
694 1347 849 1427 propolim,
862 1348 990 1414 visanum
1014 1347 1140 1425 pondus

143 1445 200 1507 que
208 1428 337 1504 adjicere
343 1428 477 1502 myrrhae
490 1430 605 1490 dimidio
616 1430 719 1507 minus,
732 1447 817 1508 quum
829 1432 856 1488 in
865 1429 1141 1508 prioribussingniis

143 1513 207 1573 enit.
223 1511 318 1592 Atque
328 1513 483 1589 emplastra
492 1523 645 1591 quoquest
653 1513 822 1590 malagmata
831 1513 906 1574 idem
913 1513 1060 1589 efficium,
1071 1532 1165 1592 quaes

142 1613 230 1675 supra
246 1597 372 1674 explicui
385 1597 467 1675 (cap.
484 1595 558 1656 18et
567 1597 630 1676 19).
657 1597 743 1672 Quod
755 1615 808 1676 per
820 1597 894 1656 haec
906 1596 1075 1656 discussum
1089 1615 1141 1657 nun

142 1688 188 1740 est
203 1697 326 1743 necesse
339 1689 383 1738 est
394 1687 577 1740 maturescat.
601 1679 691 1759 ldqne
704 1697 760 1759 quc
774 1681 900 1740 celerius
913 1681 970 1756 fiat,
988 1682 1139 1760 imponen-

142 1764 179 1822 da
196 1771 242 1821 est
257 1762 347 1821 iarina
362 1761 527 1824 hordeacea
543 1781 581 1823 en
595 1781 669 1842 aqua
685 1773 769 1825 cocta
785 1761 847 1804 ***
864 1773 947 1823 recte
957 1764 1139 1841 miscetur&

142 1843 252 1906 Eadem
265 1854 359 1905 autem
373 1845 446 1906 baec
458 1847 486 1906 iu
498 1847 657 1906 minoribus
669 1864 787 1925 qnoque
802 1846 1007 1921 abscessibus,
1021 1866 1140 1926 quorun

142 1929 256 1988 nomina
269 1929 522 2008 proprietatesque
535 1947 621 2008 supra
633 1930 759 2006 reddidi,
772 1939 853 1990 recte
867 1933 945 1990 iinnt.
969 1930 1164 2010 Eademqnes

143 2013 267 2072 omnum
285 2013 412 2074 curatio:
428 2022 535 2073 tantum
550 2013 637 2074 modo
653 2014 748 2074 distat.
782 2012 907 2090 Grndpni
923 2024 969 2074 est
983 2024 1101 2090 autem,
1116 2017 1140 2073 in

144 2113 202 2173 quc
218 2095 310 2171 major
334 2097 416 2175 qnasi
438 2114 576 2156 venarum
598 2107 693 2157 mutus
706 2107 751 2157 est
771 2107 801 2158 ct
816 2099 944 2175 gravitas
963 2107 993 2158 et
1010 2099 1102 2158 ardor
1116 2107 1141 2156 et

143 2180 278 2240 distentio
294 2189 324 2240 et
338 2180 423 2242 dcicr
435 2189 465 2239 et
475 2180 565 2240 rubor
577 2189 606 2240 et
618 2180 752 2249 duritiem
770 2190 816 2258 et,
832 2184 856 2241 si
871 2183 967 2256 major
982 2183 1139 2242 abscessus

144 2272 206 2339 est,
228 2262 348 2337 burron,
370 2272 418 2323 aut
437 2264 521 2324 ebant
538 2263 681 2325 iebricnia
698 2274 862 2344 permanet:
880 2267 1059 2344 penitusque
1077 2284 1139 2328 cen·

143 2347 200 2407 dita
218 2347 441 2426 suppuratione,
460 2349 484 2406 si
499 2365 553 2426 pro
570 2347 631 2423 his,
650 2367 725 2428 quae
741 2349 808 2408 alibi
822 2351 895 2408 cutis
909 2350 1054 2427 ostendit,
1073 2366 1164 2430 pun-u

144 2432 254 2490 stiones
270 2440 343 2490 sunt
373 2431 429 2493 Ubi
446 2431 501 2490 istu
518 2449 550 2490 se
567 2432 753 2509 remiserunt,
764 2434 883 2510 jamque
900 2434 925 2492 is
941 2433 1028 2493 lccns
1041 2435 1140 2512 prurit

143 2523 172 2571 et
188 2523 236 2576 aut
252 2513 428 2589 sublividus,
445 2523 492 2574 eut
507 2514 673 2575 subalbidus
690 2525 751 2592 est,
768 2525 875 2576 matura
891 2521 1067 2594 suppuratio
1086 2528 1139 2582 est:

143 2613 252 2674 eaque,
271 2594 318 2654 ubi
334 2597 381 2656 vel
398 2615 451 2674 pen
466 2599 528 2676 ipsa
541 2598 765 2674 medicamenta,
778 2599 923 2659 ueletiam
938 2600 1022 2661 ferro
1041 2611 1140 2680 apertu

144 2687 204 2754 est,
230 2697 283 2757 pus
305 2679 393 2738 debet
415 2682 502 2739 emitti
524 2680 579 2755 (ci.
602 2681 644 2758 ΙΙ,
668 2684 713 2760 7).
746 2681 817 2742 Tum
838 2684 862 2742 si
886 2685 1079 2760 cuniculis,
1097 2685 1139 2744 vei

143 2763 305 2838 inguinibus
327 2771 406 2838 sunt,
429 2765 490 2822 sine
511 2763 665 2825 linamento
688 2767 837 2826 nutrienda
860 2775 934 2826 snnt.
974 2767 1006 2828 iu
1035 2771 1165 2830 ceterius

143 2863 258 2925 quoque
283 2845 427 2924 partibus,
453 2848 477 2906 si
499 2847 585 2925 plaga
609 2850 714 2925 exigua
728 2858 790 2922 est,
817 2853 840 2908 si
857 2850 1015 2910 mediocris
1036 2870 1140 2930 snppn

142 2933 214 2990 ratio
231 2930 298 3006 init,
324 2931 347 2989 si
362 2947 420 2990 non
435 2930 492 2990 uite
508 2935 689 3008 penetravit,
712 2935 737 2992 si
751 2931 843 2992 febris
858 2951 916 2993 non
933 2943 996 3012 est,
1021 2935 1047 2994 si
1064 2935 1141 2994 vaiet

142 3031 269 3092 corpus,
287 3031 381 3093 aeque
401 3015 554 3074 linamenta
570 3033 750 3093 supervacua
766 3026 845 3077 sunt:
862 3017 890 3075 in
909 3017 1033 3096 reliquis
1053 3035 1139 3097 pasce

144 3153 338 3166 -nu——n—-n

115 3248 117 3253 ’
211 3247 238 3312 1)
255 3249 350 3299 Desunt
369 3253 460 3314 aliqua
495 3253 622 3302 Lacunam
640 3253 674 3301 ita
697 3269 728 3304 ex
746 3255 806 3305 Ccd.
827 3253 892 3304 Med.
913 3255 934 3304 i.
957 3257 1067 3305 restitnit
1085 3255 1137 3304 Mii-

133 3317 226 3382 iigan.
241 3319 390 3380 imponenda
403 3329 440 3370 eet
451 3319 541 3382 satana
554 3319 727 3381 hordeacea,
724 3340 789 3388 qaae
802 3339 837 3374 ex
849 3341 918 3388 aqua
931 3333 1005 3376 coctu
1019 3325 1136 3376 nectens-

140 3392 235 3436 scetus:
267 3385 372 3502 Mipcere
391 3389 457 3436 enim
476 3403 522 3453 prc
542 3403 571 3437 ec
592 3389 659 3451 quod
678 3405 830 3457 praeparare
850 3399 901 3457 est,
926 3400 1026 3444 veteres
1045 3393 1136 3443 dixisse

141 3455 197 3517 quis
216 3453 295 3504 nescit
