2392 3906
365 191 449 262 'urea
460 211 508 260 rv.
529 211 605 260 ore.
620 210 653 260 v.
669 212 714 260 vu.
981 199 1040 260 127

36 363 180 428 fretendo
194 374 274 442 eunt,
290 373 493 445 praeterquam
506 365 531 426 si
546 365 650 426 diutior
665 365 790 443 nliqnem
802 373 831 425 et
841 365 1042 428 uehementius

36 452 102 511 ista
128 450 286 512 sollicitere
311 459 505 512 consuerunt:
540 449 606 510 lruio
632 450 705 508 enim
733 449 873 526 quaedam
898 451 1043 512 curiosior

37 533 217 594 obseruatio
243 527 417 596 necessaria
431 542 485 594 est.
524 532 614 610 Igitur
636 532 716 610 lrufe,
742 533 767 594 si
788 534 815 592 ln
837 551 923 597 nares
945 534 993 594 vel
1013 536 1042 594 in

36 617 151 678 fauces
175 617 319 694 destillat,
351 627 468 696 praeter
493 635 543 694 ec,
566 633 649 695 ¹quae
674 633 761 694 supro
782 617 882 692 retuli,
912 620 1042 697 protinus

10 701 149 780 oprimis
171 700 272 762 dicbus
294 700 409 762 multum
431 700 629 763 ambulandum
651 708 710 769 est;
737 699 938 779 perfricandae
954 703 1042 762 vehe-

37 793 162 846 menter
188 785 342 846 inferiores
363 794 477 864 partem
506 784 600 845 lenior
620 779 716 844 frictio
736 783 898 845 adhibenda
920 785 1042 863 thornei,

38 869 111 944 cri,
136 870 239 946 capiti3
269 869 410 930 demenda
430 877 548 932 assueto
569 867 634 929 cibo
654 885 722 945 pars
745 868 876 937 dimidia;
905 869 1043 932 sumenda
1122 920 1125 925 .
1159 845 1161 849 Ι

39 970 122 1028 ove,
145 953 285 1032 amplum,
301 952 478 1031 siciliaque,
497 970 571 1033 quse
586 953 716 1030 pituitam
730 949 838 1012 faciunt
853 954 1041 1022 crassiorem

37 1037 93 1096 siti
119 1045 238 1112 coneo,
267 1045 371 1114 quante
395 1038 517 1098 maxima
538 1036 683 1098 sustineri
699 1044 817 1114 potest,
849 1036 1041 1114 pugnandum.

0 1119 106 1180 oUoi
122 1137 177 1197 per
191 1120 265 1196 haec
281 1121 402 1183 idoneus
416 1116 522 1200 aliquis
535 1119 642 1182 ,balneo
658 1117 769 1195 faetus,
792 1136 888 1198 eoque
901 1139 971 1180 usos
986 1129 1043 1198 est,
1148 1125 1152 1132 '

39 1203 230 1279 adjiciendus
250 1214 297 1264 est
321 1205 388 1265 oibo
414 1204 603 1285 pisciculus,¹
619 1212 668 1264 ant
690 1219 775 1280 oaro,
803 1204 847 1264 sic
867 1213 979 1280 minen,
1007 1222 1044 1264 ne

39 1287 184 1367 protinus
201 1290 296 1364 justus
315 1289 416 1350 modus
439 1288 496 1350 cibi
513 1296 655 1349 sumatur:
678 1289 744 1348 rino
759 1303 878 1348 meraco
895 1290 1044 1367 copiosius

40 1371 187 1432 utendum
211 1381 266 1434 est.
303 1373 345 1433 At
364 1375 388 1434 si
410 1374 437 1434 in
459 1373 623 1451 pulmonem
645 1387 762 1450 quoque
783 1371 926 1446 destillat,
954 1373 1044 1432 multo

39 1456 143 1532 magis
169 1465 197 1516 et
218 1455 408 1516 ambulatione
423 1466 454 1516 et
468 1456 601 1518 frictione
617 1471 691 1533 opus
706 1465 768 1524 est;
791 1455 950 1534 eademque
966 1457 1044 1516 adhi·

0 1541 111 1602 obita
133 1542 247 1602 ratione
269 1542 297 1600 in
319 1541 407 1617 cibis,
430 1541 455 1600 si
475 1557 533 1600 nou
553 1540 624 1601 satis
637 1539 679 1600 illi
694 1539 863 1618 proliciunt,
884 1539 1045 1600 acrioribus

39 1623 186 1686 utendum
208 1633 269 1694 est;
291 1627 382 1702 magis
400 1639 501 1684 somno
516 1623 734 1700 indulgendum,
756 1622 1011 1702 abstinendumque
1028 1641 1045 1682 s

38 1708 178 1785 negotiis
191 1707 335 1775 cranihom
352 1707 517 1786 aliquando,
533 1707 586 1768 sed
602 1708 704 1784 serius,
721 1706 855 1768 balneum
870 1708 1043 1768 tentandum.

39 1792 75 1852 ln
91 1791 254 1868 grauedine
266 1802 361 1852 autem
369 1837 378 1868 ,
396 1793 487 1872 primo
499 1792 545 1852 die
557 1792 727 1870 quiescere,
743 1809 838 1870 neque
851 1810 935 1868 esse,
950 1809 1045 1870 neque

40 1875 174 1949 bibere,
197 1885 284 1954 caput
298 1876 416 1953 velare,
439 1876 540 1936 fauces
555 1875 620 1935 lana
635 1875 830 1936 circumdare:
858 1885 979 1955 postero
998 1877 1045 1936 die

0 1980 25 2009 e·
43 1977 194 2035 surgere,
210 1959 356 2020 abstinere
371 1979 388 2020 a
402 1962 536 2038 potione,
553 1967 617 2034 aut,
631 1959 658 2018 si
670 1977 720 2019 res
736 1961 883 2037 coegerit,
899 1975 957 2020 nou
971 1960 1046 2019 ultra

40 2045 194 2104 bemineru
215 2061 308 2122 eques
331 2061 493 2104 asseruere:
516 2045 602 2102 tertio
626 2042 673 2103 die
697 2044 779 2122 panis
802 2060 859 2104 con
873 2049 914 2105 ita
929 2043 1046 2104 multrun

41 2147 86 2188 ex
111 2136 195 2205 parte
216 2128 355 2188 interiore
375 2145 440 2188 oum
459 2126 619 2204 pisciculo,
647 2126 695 2186 vel
721 2127 779 2186 levi
805 2144 891 2187 cerne
919 2143 1044 2204 sumere,

40 2227 156 2288 aquam
181 2210 297 2271 bibere:
332 2212 356 2272 si
381 2212 444 2290 quis
467 2211 521 2270 sibl
545 2218 711 2288 temperare
735 2227 792 2270 nou
815 2211 961 2288 potuerit,
980 2223 1051 2286 quo-

39 2297 142 2354 minus
160 2295 293 2371 pleniore
307 2297 385 2354 uiotu
402 2304 510 2370 utatur,
524 2311 659 2354 vomere:
682 2294 729 2354 ubi
744 2296 771 2353 iu
786 2292 919 2354 balneum
930 2302 1046 2354 ventum

2 2391 29 2431 2⁵
43 2388 114 2454 est,
128 2377 218 2437 multa
233 2379 325 2440 calide
341 2397 415 2457 aqua
429 2387 516 2456 eaput
530 2386 561 2436 et
579 2395 613 2436 os
629 2377 732 2437 lovere
744 2395 837 2454 usque
849 2377 885 2436 ad
896 2377 1045 2436 sudorem:

40 2473 108 2524 tum
124 2461 271 2522 edricum
288 2463 397 2524 redire.
421 2462 491 2523 Post
507 2479 582 2541 quae
598 2462 648 2520 vix
663 2460 726 2520 lieri
742 2469 853 2539 potest,
868 2471 898 2520 ut
913 2461 988 2520 idem
1005 2463 1045 2519 in·

41 2545 234 2606 commodum
260 2556 388 2606 maneat:
421 2545 474 2606 sed
499 2547 524 2606 si
550 2545 702 2620 manserit,
733 2544 867 2604 utendum
893 2545 948 2605 erit
972 2543 1046 2604 cibis

39 2629 183 2706 frigidis,
214 2630 317 2706 aridis,
348 2628 477 2704 levibus,
507 2630 625 2689 humore
649 2645 733 2706 qnam
760 2629 890 2705 minimo,
923 2629 1046 2688 servetis

39 2711 234 2774 frictionibus
260 2713 591 2791 exercitationibusque,
622 2730 697 2790 quae
719 2713 747 2772 iu
769 2713 845 2772 omni
866 2713 914 2774 tali
937 2729 1046 2789 genere

5 2805 30 2848 ³0
41 2795 226 2858 valetudinis
240 2800 428 2860 necessariae
444 2805 517 2858 suut.

376 2965 562 3026 curun
588 2936 715 3044 'vr-[31.

412 3083 448 3134 De
467 3087 570 3135 cervicis
587 3087 689 3136 morbis.
774 3127 776 3133 .

68 3273 81 3296 ,,
120 3219 148 3280 Α
180 3220 275 3300 eapite
305 3222 440 3281 transitus
472 3220 507 3282 ad
535 3224 680 3282 cervicem
708 3228 767 3288 est;
810 3236 884 3297 quae
911 3218 1048 3294 maribus

42 3305 206 3368 admodum
233 3305 341 3364 morbis
364 3305 563 3365 obnoxiaest.
607 3304 712 3382 Neque
732 3312 827 3362 temen
848 3303 928 3375 alius,
942 3303 1047 3379 impor-

7 3391 147 3450 estunn'or
170 3389 342 3466 acutiorque
367 3388 485 3449 morbus
510 3398 572 3463 eet,
603 3405 686 3464 quam
713 3389 757 3463 is,
787 3387 836 3464 qui
862 3385 985 3465 quodam
1010 3383 1046 3440 ri·

43 3491 125 3552 gere
147 3489 304 3532 nervorum
329 3476 387 3553 (se.
413 3472 575 3533 teudinum.
603 3471 640 3530 cf.
665 3469 723 3547 lll,
746 3471 821 3546 27),
852 3469 937 3528 modo
961 3472 1048 3542 ceput
