2392 3906
331 229 398 277 nra.
410 227 461 277 111.
481 229 554 276 cnr.
567 231 639 276 vrrr.
655 231 702 278 rx.
719 233 752 278 x.
994 219 1028 280 tt

29 385 162 444 rationis
179 383 312 443 ostendit.
334 383 435 463 Neque
450 383 585 444 hercules
597 385 652 444 ista
663 385 771 444 curatio
787 402 861 445 nova
874 393 918 446 est
926 385 962 465 ¹),
981 405 1036 464 qua

29 485 114 527 nunc
131 468 244 546 quidam
258 467 377 527 traditos
391 468 445 527 sibi
461 485 582 545 aegros,
599 468 646 546 qui
659 467 711 527 sub
727 468 901 529 cautioribus
915 471 1036 530 medicis

28 551 245 628 trahebantur,
266 553 406 611 interdum
428 554 579 612 contrariis
594 552 729 611 remediis
750 561 858 612 sanant.
889 555 1037 632 Siquidem

31 635 115 733 apud
137 637 272 713 antiquos
287 653 402 714 quoque
416 643 482 702 ante
499 635 684 714 Herophilum
700 644 729 695 et
743 635 962 713 Erasistratum
981 655 1037 697 ma·

8 721 178 797 animeque
193 729 260 797 post
272 719 478 798 Hippocratem
492 720 545 779 luit
556 719 642 778 Petro
660 719 786 796 quidam,
810 721 857 797 qui
873 720 1037 779 lebricitan-

31 803 251 862 temhomlnem
269 803 316 862 uhi
331 811 501 882 acceperat,
517 801 611 862 multis
627 805 805 862 vestimentis
822 803 991 880 operiebat,
1008 811 1039 862 ut

33 887 122 946 simul
141 886 267 946 calorem
281 889 442 964 mgentem
456 889 588 964 sitimque
601 889 756 946 excitaret
772 885 889 962 deinde,
907 887 954 945 ubi
968 905 1037 964 pau

34 973 95 1030 lum
113 971 223 1030 remitti
236 978 375 1049 coeperat
389 969 479 1030 febris
487 988 614 1049 ,aquam
629 970 762 1046 frigidam
778 972 857 1048 potui
874 970 975 1038 dabat;
994 987 1038 1045 ac,

37 1056 65 1114 si
80 1062 214 1114 moverat
229 1053 376 1129 sudorem,
395 1055 570 1133 explicuisse
586 1072 618 1113 se
634 1071 752 1130 aegrum
763 1054 926 1128 judicabat;
943 1055 966 1114 si
981 1071 1040 1112 non

4 1149 32 1190 10
41 1145 186 1214 moverat,
205 1137 270 1216 plus
287 1140 469 1217 etiamaquae
484 1137 607 1215 frigidae
623 1137 788 1214 ingerebat:
806 1147 905 1197 ettam
921 1154 1039 1197 uomere

43 1219 178 1298 cogebat.
210 1222 241 1280 Si
259 1221 396 1282 alterutro
411 1223 497 1282 modo
516 1222 599 1281 febre
615 1220 805 1298 liberaverat,
826 1205 956 1300 protinus
974 1221 1040 1281 suil-

37 1306 218 1382 lamassam,
235 1313 264 1364 et
280 1306 492 1365 rinumhomini
508 1306 607 1366 dabat:
630 1307 655 1364 si
671 1305 934 1381 nonlibsraverat,
952 1305 1040 1364 deco·

37 1388 150 1466 qucbat
171 1405 272 1467 uquam
292 1388 352 1448 sale
369 1388 485 1464 adjecto
500 1390 555 1470 (ol.
572 1387 627 1462 111,
645 1388 720 1465 24),
737 1405 858 1466 samque
872 1388 973 1448 hibere
991 1405 1040 1447 oo·

37 1471 146 1549 gebat,
170 1481 199 1531 ut
224 1472 366 1532 movendo
388 1482 517 1532 ventrem
538 1481 686 1552 purgaret.
715 1471 752 1532 Et
765 1475 838 1532 intra
854 1473 926 1532 haec
949 1473 1041 1532 omnis

5 1573 30 1614 rs
42 1558 105 1632 ejus
122 1555 264 1625 medicina
279 1565 355 1625 erat;
376 1574 467 1635 eaque
482 1574 540 1617 non
554 1559 645 1614 minus
661 1565 742 1632 grata
757 1556 809 1616 luit
822 1558 873 1633 iis,
886 1575 959 1634 quos
972 1555 1040 1633 Hip·

43 1642 172 1717 pooratis
190 1657 445 1699 successoresnon
462 1641 640 1708 refecerant;
659 1656 742 1717 quam
756 1657 831 1699 nunc
848 1650 892 1699 est
906 1643 948 1714 iis,
968 1653 1042 1717 quos
1088 1660 1096 1675 ·

39 1723 194 1802 Herophili
215 1724 263 1784 vel
275 1724 446 1795 Erasistrati
462 1725 565 1784 aemuli
581 1724 628 1783 diu
643 1732 752 1784 tractos
767 1741 825 1784 non
841 1724 1041 1802 expedierunt.

37 1807 144 1886 Neque
159 1805 226 1867 ideo
244 1817 338 1866 tamen
353 1823 410 1866 non
427 1817 471 1868 est
485 1809 636 1869 temeraria
650 1809 703 1866 istu
720 1808 874 1868 medicina:
898 1809 963 1886 quia
978 1805 1041 1886 plu·

38 1909 105 1967 res,
129 1891 154 1950 si
175 1892 306 1969 protinus
329 1907 345 1951 a
370 1892 520 1973 principiis
550 1893 683 1969 excepit,
705 1893 847 1951 interimit.
879 1891 937 1952 Sed
957 1905 1041 1968 quum

4 1975 145 2034 aoeadem
165 1976 296 2034 omnihus
320 1978 476 2035 convenire
498 1977 701 2055 nonpossint,
724 1976 788 2034 fere
805 1992 877 2053 quos
893 1977 966 2035 ratio
983 1990 1041 2032 non

38 2060 178 2135 restituit,
202 2060 348 2118 temeritas
365 2058 489 2133 adjuvat.
531 2061 645 2137 deoque
662 2057 801 2133 ejusmodi
821 2055 924 2118 medici
939 2057 1042 2117 melius

39 2141 154 2202 alienos
176 2159 300 2218 aegros,
325 2159 409 2221 quam
424 2161 492 2204 suos
508 2144 633 2202 nurtriunt
652 2142 706 2222 (ci.
722 2141 780 2218 vl,
797 2143 831 2218 6,
852 2148 867 2208 s
885 2142 950 2220 16).
984 2139 1041 2200 Sed

40 2235 86 2284 est
103 2227 305 2304 circumspecti
320 2243 435 2305 quoque
451 2227 588 2300 hominis,
607 2233 635 2284 et
649 2241 758 2284 nouare
773 2226 933 2301 interdum,
953 2233 981 2284 et
994 2242 1041 2282 au·

43 2327 114 2384 gere
129 2307 274 2385 morbum,
298 2318 327 2368 et
342 2309 440 2368 febres
457 2309 634 2376 accendere:
650 2310 714 2386 quia
732 2309 924 2385 curationem,
939 2307 987 2366 ubi
1002 2305 1040 2382 id,

12 2417 36 2454 a
48 2391 122 2470 quod
137 2401 197 2471 est,
210 2410 268 2452 non
282 2395 398 2473 recipit,
414 2403 512 2472 potest
525 2393 659 2472 recipere
673 2392 703 2451 id
719 2392 795 2471 quod
809 2393 932 2452 futurum
949 2401 1003 2450 est.

405 2631 601 2692 OAPUT
643 2631 684 2689 X.

325 2748 424 2797 Curatio
438 2757 634 2813 symptomatum
646 2747 762 2798 febrium

100 2899 348 2960 Considerandum
373 2901 457 2958 etiam
479 2909 539 2974 est,
512 2899 698 2958 ticbresne
722 2899 802 2958 solae
825 2900 895 2974 sint,
920 2915 954 2957 an
986 2897 1041 2956 alia

40 3001 159 3063 quoque
175 2982 220 3041 his
234 2983 308 3042 mala
325 2981 477 3050 accedant;
493 2983 520 3041 id
537 2993 581 3041 est
596 3001 660 3042 num
677 2991 762 3060 caput
776 2982 890 3057 doleat,
908 2999 973 3038 num
988 2981 1040 3040 lin-

111 3165 133 3225 ¹)
153 3165 292 3212 Antonium
304 3163 401 3212 Musam
419 3163 530 3212 iudicare
547 3163 663 3223 videtur,
690 3163 732 3225 qni
751 3163 892 3226 Augustum
911 3165 1043 3212 contraria

39 3235 164 3285 medicina
171 3234 287 3296 periculo
303 3235 409 3290 emunim
422 3239 449 3279 nt
462 3231 537 3280 tradit
554 3229 649 3280 Plinius
663 3231 706 3283 lib.
719 3229 814 3290 XXIX,
828 3246 882 3296 cup.
899 3231 921 3290 1,
939 3237 999 3280 sect.
1016 3229 1040 3279 5.

40 3313 65 3352 et
79 3302 217 3351 Suetonius
228 3301 253 3348 in
266 3303 382 3366 Augusto
400 3315 455 3364 cup.
471 3299 518 3348 31:
538 3300 752 3358 distillationibus,
765 3302 884 3362 jocinere
899 3302 994 3358 uitiato,
1009 3299 1044 3348 cd

40 3373 243 3434 desperationem
257 3372 392 3429 ednotus,
411 3370 578 3425 contrariam,
605 3376 628 3418 ei
644 3370 775 3431 ancipitem
792 3370 913 3419 nunonem
928 3367 1044 3416 medendi

40 3440 136 3489 subiit:
164 3441 224 3503 quin
242 3437 452 3500 calidafontana
475 3453 524 3486 non
536 3437 693 3498 proderunt,
715 3435 820 3500 frigidis
838 3438 925 3486 curari
942 3440 1042 3484 coactus

42 3516 146 3558 mactare
164 3506 274 3556 Antonio
294 3506 379 3557 Musa.
