<?xml version="1.0" encoding="UTF-8"?>
<!DOCTYPE html PUBLIC "-//W3C//DTD XHTML 1.0 Transitional//EN"
    "http://www.w3.org/TR/xhtml1/DTD/xhtml1-transitional.dtd">
<html xmlns="http://www.w3.org/1999/xhtml" xml:lang="en" lang="en">
 <head>
  <title>
</title>
<meta http-equiv="Content-Type" content="text/html;charset=utf-8" />
  <meta name='ocr-system' content='tesseract 3.04.00' />
  <meta name='ocr-capabilities' content='ocr_page ocr_carea ocr_par ocr_line ocrx_word'/>
</head>
<body>
  <div class='ocr_page' id='page_1' title='image "./demedicinalibri00daregoog_0190.png"; bbox 0 0 2392 3906; ppageno 0'>
   <div class='ocr_carea' id='block_1_1' title="bbox 159 193 856 254">
    <p class='ocr_par' dir='ltr' id='par_1_1' title="bbox 159 193 856 254">
     <span class='ocr_line' id='line_1_1' title="bbox 159 193 856 254; baseline -0.007 0"><span class='ocrx_word' id='word_1_1' title='bbox 159 193 216 254; x_wconf 83' lang='lat'>138</span> <span class='ocrx_word' id='word_1_2' title='bbox 453 205 485 252; x_wconf 80' lang='lat' dir='ltr'>u.</span> <span class='ocrx_word' id='word_1_3' title='bbox 503 203 531 252; x_wconf 85' lang='lat' dir='ltr'>u.</span> <span class='ocrx_word' id='word_1_4' title='bbox 549 203 646 251; x_wconf 82' lang='lat' dir='ltr'>ouusr</span> <span class='ocrx_word' id='word_1_5' title='bbox 662 201 856 250; x_wconf 76' lang='lat' dir='ltr'>unmoruuu</span> 
     </span>
    </p>
   </div>
   <div class='ocr_carea' id='block_1_2' title="bbox 155 356 1149 524">
    <p class='ocr_par' dir='ltr' id='par_1_2' title="bbox 155 356 1149 524">
     <span class='ocr_line' id='line_1_2' title="bbox 155 356 1149 437; baseline -0.006 -17"><span class='ocrx_word' id='word_1_6' title='bbox 155 359 210 420; x_wconf 85' lang='lat' dir='ltr'>Ubi</span> <span class='ocrx_word' id='word_1_7' title='bbox 229 359 358 419; x_wconf 89' lang='lat' dir='ltr'>sublatus</span> <span class='ocrx_word' id='word_1_8' title='bbox 373 369 418 419; x_wconf 89' lang='lat' dir='ltr'>est</span> <span class='ocrx_word' id='word_1_9' title='bbox 432 375 573 437; x_wconf 86' lang='lat' dir='ltr'>praesens</span> <span class='ocrx_word' id='word_1_10' title='bbox 589 368 697 433; x_wconf 83' lang='lat' dir='ltr'>metus,</span> <span class='ocrx_word' id='word_1_11' title='bbox 713 359 748 418; x_wconf 87' lang='lat' dir='ltr'>ad</span> <span class='ocrx_word' id='word_1_12' title='bbox 762 375 797 418; x_wconf 87' lang='lat' dir='ltr'>ea</span> <span class='ocrx_word' id='word_1_13' title='bbox 810 356 985 418; x_wconf 87' lang='lat' dir='ltr'>redeundum</span> <span class='ocrx_word' id='word_1_14' title='bbox 999 365 1061 433; x_wconf 85' lang='lat' dir='ltr'>cst,</span> <span class='ocrx_word' id='word_1_15' title='bbox 1080 375 1149 434; x_wconf 90' lang='lat' dir='ltr'>quae</span> 
     </span>
     <span class='ocr_line' id='line_1_3' title="bbox 156 451 506 524; baseline -0.011 -21"><span class='ocrx_word' id='word_1_16' title='bbox 156 461 241 524; x_wconf 83' lang='lat' dir='ltr'>supra</span> <span class='ocrx_word' id='word_1_17' title='bbox 259 452 416 524; x_wconf 87' lang='lat' dir='ltr'>praecepta</span> <span class='ocrx_word' id='word_1_18' title='bbox 433 451 506 501; x_wconf 88' lang='lat' dir='ltr'>sunt.</span> 
     </span>
    </p>
   </div>
   <div class='ocr_carea' id='block_1_3' title="bbox 431 677 883 757">
    <p class='ocr_par' dir='ltr' id='par_1_3' title="bbox 431 677 883 757">
     <span class='ocr_line' id='line_1_4' title="bbox 431 677 883 757; baseline -0.009 -16"><span class='ocrx_word' id='word_1_19' title='bbox 431 680 631 742; x_wconf 76' lang='lat' dir='ltr'>oueuu</span> <span class='ocrx_word' id='word_1_20' title='bbox 670 677 883 757; x_wconf 78' lang='grc' dir='ltr'>ιιιιιιιιι.</span> 
     </span>
    </p>
   </div>
   <div class='ocr_carea' id='block_1_4' title="bbox 493 799 810 849">
    <p class='ocr_par' dir='ltr' id='par_1_4' title="bbox 493 799 810 849">
     <span class='ocr_line' id='line_1_5' title="bbox 493 799 810 849; baseline -0.006 0"><span class='ocrx_word' id='word_1_21' title='bbox 493 799 529 849; x_wconf 89' lang='lat' dir='ltr'>De</span> <span class='ocrx_word' id='word_1_22' title='bbox 547 801 653 849; x_wconf 84' lang='lat' dir='ltr'>laterum</span> <span class='ocrx_word' id='word_1_23' title='bbox 671 799 810 848; x_wconf 83' lang='lat' dir='ltr'>doloribus.</span> 
     </span>
    </p>
   </div>
   <div class='ocr_carea' id='block_1_5' title="bbox 110 950 1178 3556">
    <p class='ocr_par' dir='ltr' id='par_1_5' title="bbox 110 950 1178 3556">
     <span class='ocr_line' id='line_1_6' title="bbox 216 950 1169 1029; baseline -0.008 -16"><span class='ocrx_word' id='word_1_24' title='bbox 216 953 387 1014; x_wconf 86' lang='lat' dir='ltr'>Stomachus</span> <span class='ocrx_word' id='word_1_25' title='bbox 408 951 546 1011; x_wconf 89' lang='lat' dir='ltr'>lateribus</span> <span class='ocrx_word' id='word_1_26' title='bbox 566 953 702 1029; x_wconf 86' lang='lat' dir='ltr'>cingitur;</span> <span class='ocrx_word' id='word_1_27' title='bbox 724 959 811 1028; x_wconf 86' lang='lat' dir='ltr'>atque</span> <span class='ocrx_word' id='word_1_28' title='bbox 829 954 856 1010; x_wconf 91' lang='lat' dir='ltr'>in</span> <span class='ocrx_word' id='word_1_29' title='bbox 872 951 916 1010; x_wconf 89' lang='lat' dir='ltr'>bis</span> <span class='ocrx_word' id='word_1_30' title='bbox 931 966 1051 1029; x_wconf 91' lang='lat' dir='ltr'>quoque</span> <span class='ocrx_word' id='word_1_31' title='bbox 1068 950 1169 1009; x_wconf 77' lang='lat' dir='ltr'>velie-r</span> 
     </span>
     <span class='ocr_line' id='line_1_7' title="bbox 155 1033 1152 1112; baseline -0.005 -15"><span class='ocrx_word' id='word_1_32' title='bbox 155 1047 266 1097; x_wconf 90' lang='lat' dir='ltr'>mentes</span> <span class='ocrx_word' id='word_1_33' title='bbox 284 1036 404 1096; x_wconf 89' lang='lat' dir='ltr'>dolores</span> <span class='ocrx_word' id='word_1_34' title='bbox 422 1054 489 1094; x_wconf 90' lang='lat' dir='ltr'>esse</span> <span class='ocrx_word' id='word_1_35' title='bbox 505 1045 687 1095; x_wconf 87' lang='lat' dir='ltr'>consuerunt.</span> <span class='ocrx_word' id='word_1_36' title='bbox 715 1033 826 1094; x_wconf 91' lang='lat' dir='ltr'>luitium</span> <span class='ocrx_word' id='word_1_37' title='bbox 842 1035 889 1094; x_wconf 88' lang='lat' dir='ltr'>vel</span> <span class='ocrx_word' id='word_1_38' title='bbox 905 1053 942 1094; x_wconf 86' lang='lat' dir='ltr'>cx</span> <span class='ocrx_word' id='word_1_39' title='bbox 958 1035 1091 1112; x_wconf 77' lang='lat' dir='ltr'><strong>frigore,</strong></span> <span class='ocrx_word' id='word_1_40' title='bbox 1108 1034 1152 1093; x_wconf 84' lang='lat' dir='ltr'>uel</span> 
     </span>
     <span class='ocr_line' id='line_1_8' title="bbox 156 1118 1154 1196; baseline -0.006 -15"><span class='ocrx_word' id='word_1_41' title='bbox 156 1141 193 1181; x_wconf 90' lang='lat' dir='ltr'>ex</span> <span class='ocrx_word' id='word_1_42' title='bbox 215 1123 291 1196; x_wconf 76' lang='lat' dir='ltr'>ictu,</span> <span class='ocrx_word' id='word_1_43' title='bbox 316 1121 363 1179; x_wconf 89' lang='lat' dir='ltr'>vel</span> <span class='ocrx_word' id='word_1_44' title='bbox 388 1138 425 1178; x_wconf 88' lang='lat' dir='ltr'>ex</span> <span class='ocrx_word' id='word_1_45' title='bbox 447 1121 533 1178; x_wconf 92' lang='lat' dir='ltr'>nimio</span> <span class='ocrx_word' id='word_1_46' title='bbox 550 1138 651 1196; x_wconf 84' lang='lat' dir='ltr'>cursu,</span> <span class='ocrx_word' id='word_1_47' title='bbox 673 1119 723 1178; x_wconf 81' lang='lat' dir='ltr'>vel</span> <span class='ocrx_word' id='word_1_48' title='bbox 740 1137 777 1178; x_wconf 85' lang='lat' dir='ltr'>ex</span> <span class='ocrx_word' id='word_1_49' title='bbox 793 1118 895 1178; x_wconf 92' lang='lat' dir='ltr'>morbo</span> <span class='ocrx_word' id='word_1_50' title='bbox 913 1129 974 1178; x_wconf 89' lang='lat' dir='ltr'>est:</span> <span class='ocrx_word' id='word_1_51' title='bbox 999 1119 1052 1178; x_wconf 90' lang='lat' dir='ltr'>sed</span> <span class='ocrx_word' id='word_1_52' title='bbox 1071 1121 1154 1176; x_wconf 91' lang='lat' dir='ltr'>inter·</span> 
     </span>
     <span class='ocr_line' id='line_1_9' title="bbox 156 1202 1154 1303; baseline -0.003 -39"><span class='ocrx_word' id='word_1_53' title='bbox 156 1205 219 1264; x_wconf 90' lang='lat' dir='ltr'>dam</span> <span class='ocrx_word' id='word_1_54' title='bbox 246 1203 348 1262; x_wconf 90' lang='lat' dir='ltr'>malurn</span> <span class='ocrx_word' id='word_1_55' title='bbox 375 1205 447 1262; x_wconf 91' lang='lat' dir='ltr'>intra</span> <span class='ocrx_word' id='word_1_56' title='bbox 475 1204 606 1264; x_wconf 90' lang='lat' dir='ltr'>dolorem</span> <span class='ocrx_word' id='word_1_57' title='bbox 633 1214 694 1277; x_wconf 90' lang='lat' dir='ltr'>est</span> <span class='ocrx_word' id='word_1_58' title='bbox 721 1204 805 1303; x_wconf 84' lang='lat' dir='ltr'>isque</span> <span class='ocrx_word' id='word_1_59' title='bbox 826 1203 912 1262; x_wconf 90' lang='lat' dir='ltr'>modo</span> <span class='ocrx_word' id='word_1_60' title='bbox 936 1203 1038 1279; x_wconf 85' lang='lat' dir='ltr'>tarde,</span> <span class='ocrx_word' id='word_1_61' title='bbox 1070 1202 1154 1261; x_wconf 92' lang='lat' dir='ltr'>modu</span> 
     </span>
     <span class='ocr_line' id='line_1_10' title="bbox 156 1287 1153 1385; baseline -0.003 -37"><span class='ocrx_word' id='word_1_62' title='bbox 156 1289 293 1348; x_wconf 78' lang='lat' dir='ltr'>celeriter</span> <span class='ocrx_word' id='word_1_63' title='bbox 315 1289 451 1355; x_wconf 78' lang='lat' dir='ltr'>solvitur:</span> <span class='ocrx_word' id='word_1_64' title='bbox 472 1289 612 1349; x_wconf 91' lang='lat' dir='ltr'>interdum</span> <span class='ocrx_word' id='word_1_65' title='bbox 634 1289 669 1348; x_wconf 94' lang='lat' dir='ltr'>ad</span> <span class='ocrx_word' id='word_1_66' title='bbox 691 1289 856 1385; x_wconf 90' lang='lat' dir='ltr'>perniciem</span> <span class='ocrx_word' id='word_1_67' title='bbox 871 1303 987 1365; x_wconf 89' lang='lat' dir='ltr'>qnoque</span> <span class='ocrx_word' id='word_1_68' title='bbox 1009 1287 1153 1365; x_wconf 90' lang='lat' dir='ltr'>procedit</span> 
     </span>
     <span class='ocr_line' id='line_1_11' title="bbox 156 1363 1178 1452; baseline 0.003 -21"><span class='ocrx_word' id='word_1_69' title='bbox 156 1375 304 1452; x_wconf 75' lang='lat' dir='ltr'>oriturque</span> <span class='ocrx_word' id='word_1_70' title='bbox 320 1381 421 1431; x_wconf 92' lang='lat' dir='ltr'>acutus</span> <span class='ocrx_word' id='word_1_71' title='bbox 439 1372 556 1431; x_wconf 82' lang='lat' dir='ltr'>morbus</span> <span class='ocrx_word' id='word_1_72' title='bbox 565 1373 646 1451; x_wconf 89' lang='lat' dir='ltr'>,qni</span> <span class='ocrx_word' id='word_1_73' title='bbox 664 1363 874 1452; x_wconf 79' lang='grc' dir='ltr'>πλευριτικός</span> <span class='ocrx_word' id='word_1_74' title='bbox 890 1389 907 1431; x_wconf 87' lang='lat' dir='ltr'>a</span> <span class='ocrx_word' id='word_1_75' title='bbox 926 1371 1049 1432; x_wconf 86' lang='lat' dir='ltr'>Graecis</span> <span class='ocrx_word' id='word_1_76' title='bbox 1067 1372 1153 1429; x_wconf 88' lang='lat' dir='ltr'>nomi·</span> <span class='ocrx_word' id='word_1_77' title='bbox 1163 1397 1178 1435; x_wconf 85' lang='lat' dir='ltr'>n</span> 
     </span>
     <span class='ocr_line' id='line_1_12' title="bbox 155 1455 1155 1534; baseline -0.004 -18"><span class='ocrx_word' id='word_1_78' title='bbox 155 1465 247 1516; x_wconf 91' lang='lat' dir='ltr'>natur.</span> <span class='ocrx_word' id='word_1_79' title='bbox 284 1455 356 1516; x_wconf 90' lang='lat' dir='ltr'>Huic</span> <span class='ocrx_word' id='word_1_80' title='bbox 380 1457 475 1516; x_wconf 93' lang='lat' dir='ltr'>dolori</span> <span class='ocrx_word' id='word_1_81' title='bbox 498 1456 597 1516; x_wconf 91' lang='lat' dir='ltr'>lateris</span> <span class='ocrx_word' id='word_1_82' title='bbox 618 1457 708 1516; x_wconf 87' lang='lat' dir='ltr'>lebris</span> <span class='ocrx_word' id='word_1_83' title='bbox 730 1466 759 1516; x_wconf 85' lang='lat' dir='ltr'>et</span> <span class='ocrx_word' id='word_1_84' title='bbox 779 1458 866 1516; x_wconf 89' lang='lat' dir='ltr'>tussis</span> <span class='ocrx_word' id='word_1_85' title='bbox 888 1455 1018 1515; x_wconf 88' lang='lat' dir='ltr'>accedit.</span> <span class='ocrx_word' id='word_1_86' title='bbox 1050 1465 1083 1514; x_wconf 90' lang='lat' dir='ltr'>et</span> <span class='ocrx_word' id='word_1_87' title='bbox 1107 1473 1155 1534; x_wconf 89' lang='lat' dir='ltr'>per</span> 
     </span>
     <span class='ocr_line' id='line_1_13' title="bbox 155 1541 1154 1620; baseline -0.004 -20"><span class='ocrx_word' id='word_1_88' title='bbox 155 1543 229 1601; x_wconf 89' lang='lat' dir='ltr'>hanc</span> <span class='ocrx_word' id='word_1_89' title='bbox 246 1550 431 1616; x_wconf 68' lang='lat' dir='ltr'>exsecatur,</span> <span class='ocrx_word' id='word_1_90' title='bbox 451 1559 474 1599; x_wconf 87' lang='lat' dir='ltr'>st</span> <span class='ocrx_word' id='word_1_91' title='bbox 468 1541 653 1601; x_wconf 88' lang='lat' dir='ltr'>tolerabilis</span> <span class='ocrx_word' id='word_1_92' title='bbox 669 1541 786 1600; x_wconf 88' lang='lat' dir='ltr'>morbus</span> <span class='ocrx_word' id='word_1_93' title='bbox 799 1549 861 1616; x_wconf 86' lang='lat' dir='ltr'>est,</span> <span class='ocrx_word' id='word_1_94' title='bbox 877 1541 991 1620; x_wconf 79' lang='lat' dir='ltr'>pituita:</span> <span class='ocrx_word' id='word_1_95' title='bbox 1011 1541 1036 1598; x_wconf 92' lang='lat' dir='ltr'>si</span> <span class='ocrx_word' id='word_1_96' title='bbox 1048 1541 1154 1616; x_wconf 83' lang='lat' dir='ltr'>grauis,</span> 
     </span>
     <span class='ocr_line' id='line_1_14' title="bbox 155 1623 1154 1702; baseline -0.003 -18"><span class='ocrx_word' id='word_1_97' title='bbox 155 1627 281 1702; x_wconf 84' lang='lat' dir='ltr'>sanguis.</span> <span class='ocrx_word' id='word_1_98' title='bbox 315 1623 458 1684; x_wconf 78' lang='lat' dir='ltr'>Interdum</span> <span class='ocrx_word' id='word_1_99' title='bbox 481 1628 564 1684; x_wconf 91' lang='lat' dir='ltr'>etiam</span> <span class='ocrx_word' id='word_1_100' title='bbox 590 1627 667 1685; x_wconf 89' lang='lat' dir='ltr'>sicca</span> <span class='ocrx_word' id='word_1_101' title='bbox 684 1627 771 1684; x_wconf 89' lang='lat' dir='ltr'>tussis</span> <span class='ocrx_word' id='word_1_102' title='bbox 789 1633 848 1701; x_wconf 82' lang='lat' dir='ltr'>est,</span> <span class='ocrx_word' id='word_1_103' title='bbox 875 1643 949 1702; x_wconf 91' lang='lat' dir='ltr'>quae</span> <span class='ocrx_word' id='word_1_104' title='bbox 969 1623 1040 1682; x_wconf 89' lang='lat' dir='ltr'>nihil</span> <span class='ocrx_word' id='word_1_105' title='bbox 1058 1623 1154 1683; x_wconf 90' lang='lat' dir='ltr'>emoli-</span> 
     </span>
     <span class='ocr_line' id='line_1_15' title="bbox 155 1707 1152 1788; baseline -0.004 -20"><span class='ocrx_word' id='word_1_106' title='bbox 155 1719 216 1768; x_wconf 88' lang='lat' dir='ltr'>tur:</span> <span class='ocrx_word' id='word_1_107' title='bbox 249 1708 336 1786; x_wconf 90' lang='lat' dir='ltr'>idquc</span> <span class='ocrx_word' id='word_1_108' title='bbox 362 1709 454 1788; x_wconf 91' lang='lat' dir='ltr'>primo</span> <span class='ocrx_word' id='word_1_109' title='bbox 481 1711 550 1768; x_wconf 90' lang='lat' dir='ltr'>vitio</span> <span class='ocrx_word' id='word_1_110' title='bbox 571 1711 704 1786; x_wconf 83' lang='lat' dir='ltr'>grauius,</span> <span class='ocrx_word' id='word_1_111' title='bbox 737 1709 866 1768; x_wconf 90' lang='lat' dir='ltr'>secundo</span> <span class='ocrx_word' id='word_1_112' title='bbox 889 1707 1077 1768; x_wconf 78' lang='lat' dir='ltr'>tolerabilius</span> <span class='ocrx_word' id='word_1_113' title='bbox 1104 1717 1152 1766; x_wconf 88' lang='lat' dir='ltr'>est.</span> 
     </span>
     <span class='ocr_line' id='line_1_16' title="bbox 155 1791 1176 1871; baseline 0.002 -20"><span class='ocrx_word' id='word_1_114' title='bbox 155 1791 324 1851; x_wconf 86' lang='lat' dir='ltr'>Remedium</span> <span class='ocrx_word' id='word_1_115' title='bbox 338 1810 417 1867; x_wconf 14' lang='lat' dir='ltr'>puero</span> <span class='ocrx_word' id='word_1_116' title='bbox 440 1803 484 1851; x_wconf 90' lang='lat' dir='ltr'>est</span> <span class='ocrx_word' id='word_1_117' title='bbox 505 1796 600 1871; x_wconf 83' lang='lat' dir='ltr'>magni</span> <span class='ocrx_word' id='word_1_118' title='bbox 616 1803 644 1853; x_wconf 93' lang='lat' dir='ltr'>et</span> <span class='ocrx_word' id='word_1_119' title='bbox 658 1795 785 1854; x_wconf 90' lang='lat' dir='ltr'>recentis</span> <span class='ocrx_word' id='word_1_120' title='bbox 800 1793 930 1870; x_wconf 83' lang='lat' dir='ltr'>doloris,</span> <span class='ocrx_word' id='word_1_121' title='bbox 953 1795 1074 1868; x_wconf 85' lang='lat' dir='ltr'>sanguis</span> <span class='ocrx_word' id='word_1_122' title='bbox 1092 1793 1176 1853; x_wconf 82' lang='lat' dir='ltr'>mis-a</span> 
     </span>
     <span class='ocr_line' id='line_1_17' title="bbox 157 1873 1152 1955; baseline 0 -20"><span class='ocrx_word' id='word_1_123' title='bbox 157 1895 216 1936; x_wconf 92' lang='lat' dir='ltr'>sus.</span> <span class='ocrx_word' id='word_1_124' title='bbox 252 1875 306 1950; x_wconf 80' lang='lat' dir='ltr'>At,</span> <span class='ocrx_word' id='word_1_125' title='bbox 332 1876 393 1934; x_wconf 88' lang='lat' dir='ltr'>sive</span> <span class='ocrx_word' id='word_1_126' title='bbox 410 1877 518 1955; x_wconf 72' lang='lat' dir='ltr'>leuior,</span> <span class='ocrx_word' id='word_1_127' title='bbox 536 1882 597 1939; x_wconf 89' lang='lat' dir='ltr'>sive</span> <span class='ocrx_word' id='word_1_128' title='bbox 613 1879 756 1938; x_wconf 87' lang='lat' dir='ltr'>vetustior</span> <span class='ocrx_word' id='word_1_129' title='bbox 772 1895 856 1938; x_wconf 89' lang='lat' dir='ltr'>casus</span> <span class='ocrx_word' id='word_1_130' title='bbox 873 1886 932 1955; x_wconf 81' lang='lat' dir='ltr'>est,</span> <span class='ocrx_word' id='word_1_131' title='bbox 949 1877 997 1936; x_wconf 88' lang='lat' dir='ltr'>vel</span> <span class='ocrx_word' id='word_1_132' title='bbox 1014 1873 1152 1955; x_wconf 84' lang='lat' dir='ltr'>superra-</span> 
     </span>
     <span class='ocr_line' id='line_1_18' title="bbox 157 1958 1153 2040; baseline 0 -20"><span class='ocrx_word' id='word_1_133' title='bbox 157 1977 256 2037; x_wconf 87' lang='lat' dir='ltr'>cuurn,</span> <span class='ocrx_word' id='word_1_134' title='bbox 274 1958 319 2017; x_wconf 89' lang='lat' dir='ltr'>uel</span> <span class='ocrx_word' id='word_1_135' title='bbox 334 1979 428 2020; x_wconf 90' lang='lat' dir='ltr'>serum</span> <span class='ocrx_word' id='word_1_136' title='bbox 445 1962 472 2021; x_wconf 93' lang='lat' dir='ltr'>id</span> <span class='ocrx_word' id='word_1_137' title='bbox 488 1963 621 2022; x_wconf 89' lang='lat' dir='ltr'>auxilium</span> <span class='ocrx_word' id='word_1_138' title='bbox 635 1973 693 2030; x_wconf 88' lang='lat' dir='ltr'>est;</span> <span class='ocrx_word' id='word_1_139' title='bbox 711 1962 992 2040; x_wconf 82' lang='lat' dir='ltr'>confugiendumque</span> <span class='ocrx_word' id='word_1_140' title='bbox 1005 1963 1041 2020; x_wconf 88' lang='lat' dir='ltr'>ad</span> <span class='ocrx_word' id='word_1_141' title='bbox 1055 1979 1153 2020; x_wconf 88' lang='lat' dir='ltr'>cucur·</span> 
     </span>
     <span class='ocr_line' id='line_1_19' title="bbox 155 2044 1153 2124; baseline -0.001 -20"><span class='ocrx_word' id='word_1_142' title='bbox 155 2044 259 2104; x_wconf 91' lang='lat' dir='ltr'>bitulas</span> <span class='ocrx_word' id='word_1_143' title='bbox 282 2053 342 2120; x_wconf 88' lang='lat' dir='ltr'>est</span> <span class='ocrx_word' id='word_1_144' title='bbox 368 2055 432 2105; x_wconf 91' lang='lat' dir='ltr'>ante</span> <span class='ocrx_word' id='word_1_145' title='bbox 449 2066 556 2106; x_wconf 92' lang='lat' dir='ltr'>summa</span> <span class='ocrx_word' id='word_1_146' title='bbox 574 2056 639 2107; x_wconf 90' lang='lat' dir='ltr'>oute</span> <span class='ocrx_word' id='word_1_147' title='bbox 655 2048 755 2108; x_wconf 88' lang='lat' dir='ltr'>incisa</span> <span class='ocrx_word' id='word_1_148' title='bbox 792 2049 885 2108; x_wconf 88' lang='lat' dir='ltr'>Recte</span> <span class='ocrx_word' id='word_1_149' title='bbox 905 2049 989 2106; x_wconf 89' lang='lat' dir='ltr'>etiam</span> <span class='ocrx_word' id='word_1_150' title='bbox 1005 2048 1103 2124; x_wconf 83' lang='lat' dir='ltr'>sinapi</span> <span class='ocrx_word' id='word_1_151' title='bbox 1120 2064 1153 2104; x_wconf 84' lang='lat' dir='ltr'>ex</span> 
     </span>
     <span class='ocr_line' id='line_1_20' title="bbox 147 2131 1153 2226; baseline -0.003 -36"><span class='ocrx_word' id='word_1_152' title='bbox 147 2138 240 2226; x_wconf 28' lang='lat' dir='ltr'>&#39;aceto</span> <span class='ocrx_word' id='word_1_153' title='bbox 268 2146 357 2206; x_wconf 88' lang='lat' dir='ltr'>super</span> <span class='ocrx_word' id='word_1_154' title='bbox 384 2141 486 2208; x_wconf 88' lang='lat' dir='ltr'>pectus</span> <span class='ocrx_word' id='word_1_155' title='bbox 514 2133 684 2218; x_wconf 80' lang='lat' dir='ltr'>imponitur,</span> <span class='ocrx_word' id='word_1_156' title='bbox 713 2131 808 2191; x_wconf 88' lang='lat' dir='ltr'>donec</span> <span class='ocrx_word' id='word_1_157' title='bbox 834 2133 936 2190; x_wconf 90' lang='lat' dir='ltr'>ulcera</span> <span class='ocrx_word' id='word_1_158' title='bbox 963 2131 1153 2208; x_wconf 86' lang='lat' dir='ltr'>pustulasque</span> 
     </span>
     <span class='ocr_line' id='line_1_21' title="bbox 156 2206 1177 2294; baseline -0.001 -20"><span class='ocrx_word' id='word_1_159' title='bbox 156 2215 279 2280; x_wconf 87' lang='lat' dir='ltr'>excitct;</span> <span class='ocrx_word' id='word_1_160' title='bbox 302 2221 330 2272; x_wconf 88' lang='lat' dir='ltr'>et</span> <span class='ocrx_word' id='word_1_161' title='bbox 351 2223 409 2274; x_wconf 88' lang='lat' dir='ltr'>turn</span> <span class='ocrx_word' id='word_1_162' title='bbox 431 2206 666 2275; x_wconf 80' lang='lat' dir='ltr'>medicamentum</span> <span class='ocrx_word' id='word_1_163' title='bbox 675 2217 785 2294; x_wconf 91' lang='lat' dir='ltr'>quod</span> <span class='ocrx_word' id='word_1_164' title='bbox 808 2216 956 2276; x_wconf 91' lang='lat' dir='ltr'>humorem</span> <span class='ocrx_word' id='word_1_165' title='bbox 980 2215 1053 2272; x_wconf 94' lang='lat' dir='ltr'>illuc</span> <span class='ocrx_word' id='word_1_166' title='bbox 1080 2217 1177 2274; x_wconf 77' lang='lat' dir='ltr'>citetur</span> 
     </span>
     <span class='ocr_line' id='line_1_22' title="bbox 155 2297 1154 2378; baseline -0.001 -21"><span class='ocrx_word' id='word_1_167' title='bbox 155 2297 274 2358; x_wconf 88' lang='lat' dir='ltr'>Praeter</span> <span class='ocrx_word' id='word_1_168' title='bbox 296 2298 370 2357; x_wconf 88' lang='lat' dir='ltr'>haec</span> <span class='ocrx_word' id='word_1_169' title='bbox 394 2301 570 2359; x_wconf 86' lang='lat' dir='ltr'>circumdare</span> <span class='ocrx_word' id='word_1_170' title='bbox 597 2301 715 2378; x_wconf 90' lang='lat' dir='ltr'>primum</span> <span class='ocrx_word' id='word_1_171' title='bbox 739 2309 856 2378; x_wconf 92' lang='lat' dir='ltr'>oportet</span> <span class='ocrx_word' id='word_1_172' title='bbox 874 2299 947 2359; x_wconf 88' lang='lat' dir='ltr'>latus</span> <span class='ocrx_word' id='word_1_173' title='bbox 962 2299 1057 2376; x_wconf 89' lang='lat' dir='ltr'>hapso</span> <span class='ocrx_word' id='word_1_174' title='bbox 1075 2299 1154 2359; x_wconf 88' lang='lat' dir='ltr'>lanae</span> 
     </span>
     <span class='ocr_line' id='line_1_23' title="bbox 155 2383 1153 2464; baseline -0.001 -23"><span class='ocrx_word' id='word_1_175' title='bbox 155 2383 356 2460; x_wconf 83' lang='lat' dir='ltr'>sulphuratae:</span> <span class='ocrx_word' id='word_1_176' title='bbox 386 2383 509 2458; x_wconf 80' lang='lat' dir='ltr'>deinde,</span> <span class='ocrx_word' id='word_1_177' title='bbox 534 2401 618 2462; x_wconf 92' lang='lat' dir='ltr'>quum</span> <span class='ocrx_word' id='word_1_178' title='bbox 640 2383 754 2464; x_wconf 89' lang='lat' dir='ltr'>paulurn</span> <span class='ocrx_word' id='word_1_179' title='bbox 775 2383 957 2442; x_wconf 90' lang='lat' dir='ltr'>inllammatio</span> <span class='ocrx_word' id='word_1_180' title='bbox 982 2402 1016 2442; x_wconf 92' lang='lat' dir='ltr'>se</span> <span class='ocrx_word' id='word_1_181' title='bbox 1035 2385 1153 2455; x_wconf 68' lang='lat' dir='ltr'>remisit,</span> 
     </span>
     <span class='ocr_line' id='line_1_24' title="bbox 156 2466 1155 2544; baseline 0.002 -22"><span class='ocrx_word' id='word_1_182' title='bbox 156 2467 244 2523; x_wconf 90' lang='lat' dir='ltr'>siccis</span> <span class='ocrx_word' id='word_1_183' title='bbox 259 2473 287 2522; x_wconf 93' lang='lat' dir='ltr'>et</span> <span class='ocrx_word' id='word_1_184' title='bbox 305 2466 405 2524; x_wconf 87' lang='lat' dir='ltr'>calidis</span> <span class='ocrx_word' id='word_1_185' title='bbox 422 2469 554 2527; x_wconf 86' lang='lat' dir='ltr'>lomentis</span> <span class='ocrx_word' id='word_1_186' title='bbox 572 2471 620 2527; x_wconf 93' lang='lat' dir='ltr'>uti.</span> <span class='ocrx_word' id='word_1_187' title='bbox 652 2468 697 2527; x_wconf 79' lang='lat' dir='ltr'>Ab</span> <span class='ocrx_word' id='word_1_188' title='bbox 715 2467 760 2527; x_wconf 91' lang='lat' dir='ltr'>his</span> <span class='ocrx_word' id='word_1_189' title='bbox 776 2471 911 2527; x_wconf 88' lang='lat' dir='ltr'>transitus</span> <span class='ocrx_word' id='word_1_190' title='bbox 930 2468 965 2526; x_wconf 90' lang='lat' dir='ltr'>ad</span> <span class='ocrx_word' id='word_1_191' title='bbox 982 2468 1155 2544; x_wconf 87' lang='lat' dir='ltr'>malagmata</span> 
     </span>
     <span class='ocr_line' id='line_1_25' title="bbox 156 2549 1155 2630; baseline 0.003 -24"><span class='ocrx_word' id='word_1_192' title='bbox 156 2557 210 2606; x_wconf 88' lang='lat' dir='ltr'>est.</span> <span class='ocrx_word' id='word_1_193' title='bbox 250 2549 279 2606; x_wconf 87' lang='lat' dir='ltr'>Si</span> <span class='ocrx_word' id='word_1_194' title='bbox 300 2552 442 2608; x_wconf 87' lang='lat' dir='ltr'>vetustior</span> <span class='ocrx_word' id='word_1_195' title='bbox 465 2551 549 2611; x_wconf 91' lang='lat' dir='ltr'>dolor</span> <span class='ocrx_word' id='word_1_196' title='bbox 569 2561 715 2627; x_wconf 81' lang='lat' dir='ltr'>remanet,</span> <span class='ocrx_word' id='word_1_197' title='bbox 739 2553 894 2611; x_wconf 89' lang='lat' dir='ltr'>novissime</span> <span class='ocrx_word' id='word_1_198' title='bbox 908 2552 1005 2611; x_wconf 90' lang='lat' dir='ltr'>resina</span> <span class='ocrx_word' id='word_1_199' title='bbox 1021 2552 1155 2630; x_wconf 85' lang='lat' dir='ltr'>imposita</span> 
     </span>
     <span class='ocr_line' id='line_1_26' title="bbox 156 2631 1178 2715; baseline 0 -25"><span class='ocrx_word' id='word_1_200' title='bbox 156 2631 315 2693; x_wconf 86' lang='lat' dir='ltr'>discutitur.</span> <span class='ocrx_word' id='word_1_201' title='bbox 359 2632 499 2693; x_wconf 91' lang='lat' dir='ltr'>Utendum</span> <span class='ocrx_word' id='word_1_202' title='bbox 522 2637 593 2696; x_wconf 91' lang='lat' dir='ltr'>cibis</span> <span class='ocrx_word' id='word_1_203' title='bbox 614 2635 838 2715; x_wconf 90' lang='lat' dir='ltr'>potionibusque</span> <span class='ocrx_word' id='word_1_204' title='bbox 862 2635 980 2702; x_wconf 80' lang='lat' dir='ltr'>calidis:</span> <span class='ocrx_word' id='word_1_205' title='bbox 1010 2636 1178 2694; x_wconf 79' lang='lat' dir='ltr'>vitandans</span> 
     </span>
     <span class='ocr_line' id='line_1_27' title="bbox 155 2716 1155 2799; baseline 0.001 -24"><span class='ocrx_word' id='word_1_206' title='bbox 155 2716 262 2792; x_wconf 80' lang='lat' dir='ltr'>frigus:</span> <span class='ocrx_word' id='word_1_207' title='bbox 289 2717 363 2776; x_wconf 90' lang='lat' dir='ltr'>inter</span> <span class='ocrx_word' id='word_1_208' title='bbox 385 2717 458 2778; x_wconf 90' lang='lat' dir='ltr'>baec</span> <span class='ocrx_word' id='word_1_209' title='bbox 479 2727 573 2780; x_wconf 90' lang='lat' dir='ltr'>tamen</span> <span class='ocrx_word' id='word_1_210' title='bbox 595 2739 653 2779; x_wconf 92' lang='lat' dir='ltr'>uon</span> <span class='ocrx_word' id='word_1_211' title='bbox 676 2721 798 2780; x_wconf 90' lang='lat' dir='ltr'>alienum</span> <span class='ocrx_word' id='word_1_212' title='bbox 821 2729 865 2780; x_wconf 89' lang='lat' dir='ltr'>est</span> <span class='ocrx_word' id='word_1_213' title='bbox 886 2730 1033 2779; x_wconf 84' lang='lat' dir='ltr'>extremas</span> <span class='ocrx_word' id='word_1_214' title='bbox 1058 2729 1155 2799; x_wconf 86' lang='lat' dir='ltr'>partes</span> 
     </span>
     <span class='ocr_line' id='line_1_28' title="bbox 155 2801 1155 2884; baseline 0.001 -25"><span class='ocrx_word' id='word_1_215' title='bbox 155 2801 223 2860; x_wconf 89' lang='lat' dir='ltr'>oleo</span> <span class='ocrx_word' id='word_1_216' title='bbox 237 2810 265 2860; x_wconf 88' lang='lat' dir='ltr'>et</span> <span class='ocrx_word' id='word_1_217' title='bbox 278 2801 414 2880; x_wconf 90' lang='lat' dir='ltr'>sulphure</span> <span class='ocrx_word' id='word_1_218' title='bbox 428 2806 606 2884; x_wconf 79' lang='lat' dir='ltr'>perfricare:</span> <span class='ocrx_word' id='word_1_219' title='bbox 631 2807 655 2863; x_wconf 92' lang='lat' dir='ltr'>si</span> <span class='ocrx_word' id='word_1_220' title='bbox 667 2805 763 2864; x_wconf 89' lang='lat' dir='ltr'>levata</span> <span class='ocrx_word' id='word_1_221' title='bbox 776 2805 864 2864; x_wconf 90' lang='lat' dir='ltr'>tussis</span> <span class='ocrx_word' id='word_1_222' title='bbox 878 2813 939 2879; x_wconf 82' lang='lat' dir='ltr'>est,</span> <span class='ocrx_word' id='word_1_223' title='bbox 954 2804 1014 2862; x_wconf 88' lang='lat' dir='ltr'>leni</span> <span class='ocrx_word' id='word_1_224' title='bbox 1029 2803 1155 2864; x_wconf 88' lang='lat' dir='ltr'>lectione</span> 
     </span>
     <span class='ocr_line' id='line_1_29' title="bbox 154 2887 1153 2965; baseline -0.001 -21"><span class='ocrx_word' id='word_1_225' title='bbox 154 2887 208 2953; x_wconf 91' lang='lat' dir='ltr'>uti;</span> <span class='ocrx_word' id='word_1_226' title='bbox 232 2887 351 2964; x_wconf 87' lang='lat' dir='ltr'>jamque</span> <span class='ocrx_word' id='word_1_227' title='bbox 377 2896 405 2946; x_wconf 88' lang='lat' dir='ltr'>et</span> <span class='ocrx_word' id='word_1_228' title='bbox 428 2906 512 2947; x_wconf 89' lang='lat' dir='ltr'>acres</span> <span class='ocrx_word' id='word_1_229' title='bbox 536 2891 635 2965; x_wconf 83' lang='lat' dir='ltr'>cibos,</span> <span class='ocrx_word' id='word_1_230' title='bbox 663 2899 692 2948; x_wconf 91' lang='lat' dir='ltr'>et</span> <span class='ocrx_word' id='word_1_231' title='bbox 713 2893 805 2948; x_wconf 91' lang='lat' dir='ltr'>vinnm</span> <span class='ocrx_word' id='word_1_232' title='bbox 826 2891 967 2947; x_wconf 89' lang='lat' dir='ltr'>meracius</span> <span class='ocrx_word' id='word_1_233' title='bbox 994 2905 1153 2946; x_wconf 90' lang='lat' dir='ltr'>assumere.</span> 
     </span>
     <span class='ocr_line' id='line_1_30' title="bbox 155 2970 1154 3051; baseline 0.002 -24"><span class='ocrx_word' id='word_1_234' title='bbox 155 2970 237 3042; x_wconf 81' lang='lat' dir='ltr'>Quae</span> <span class='ocrx_word' id='word_1_235' title='bbox 252 2972 290 3030; x_wconf 90' lang='lat' dir='ltr'>ita</span> <span class='ocrx_word' id='word_1_236' title='bbox 306 2989 321 3031; x_wconf 90' lang='lat' dir='ltr'>a</span> <span class='ocrx_word' id='word_1_237' title='bbox 339 2972 457 3032; x_wconf 89' lang='lat' dir='ltr'>medicis</span> <span class='ocrx_word' id='word_1_238' title='bbox 475 2975 708 3051; x_wconf 75' lang='lat' dir='ltr'>praecipiuntur‚</span> <span class='ocrx_word' id='word_1_239' title='bbox 729 2983 759 3032; x_wconf 91' lang='lat' dir='ltr'>ut</span> <span class='ocrx_word' id='word_1_240' title='bbox 777 2983 871 3032; x_wconf 87' lang='lat' dir='ltr'>tamen</span> <span class='ocrx_word' id='word_1_241' title='bbox 887 2974 948 3031; x_wconf 88' lang='lat' dir='ltr'>sine</span> <span class='ocrx_word' id='word_1_242' title='bbox 967 2971 1012 3030; x_wconf 87' lang='lat' dir='ltr'>his</span> <span class='ocrx_word' id='word_1_243' title='bbox 1029 2975 1154 3042; x_wconf 85' lang='lat' dir='ltr'>rusticos</span> 
     </span>
     <span class='ocr_line' id='line_1_31' title="bbox 155 3055 1177 3134; baseline 0 -24"><span class='ocrx_word' id='word_1_244' title='bbox 155 3063 270 3112; x_wconf 89' lang='lat' dir='ltr'>nostros</span> <span class='ocrx_word' id='word_1_245' title='bbox 293 3065 380 3133; x_wconf 87' lang='lat' dir='ltr'>epota</span> <span class='ocrx_word' id='word_1_246' title='bbox 400 3075 438 3115; x_wconf 86' lang='lat' dir='ltr'>ex</span> <span class='ocrx_word' id='word_1_247' title='bbox 462 3073 533 3134; x_wconf 92' lang='lat' dir='ltr'>aqua</span> <span class='ocrx_word' id='word_1_248' title='bbox 548 3058 637 3116; x_wconf 86' lang='lat' dir='ltr'>lnerba</span> <span class='ocrx_word' id='word_1_249' title='bbox 655 3059 766 3134; x_wconf 83' lang='lat' dir='ltr'>trixago</span> <span class='ocrx_word' id='word_1_250' title='bbox 784 3059 853 3117; x_wconf 90' lang='lat' dir='ltr'>satis</span> <span class='ocrx_word' id='word_1_251' title='bbox 870 3056 994 3133; x_wconf 89' lang='lat' dir='ltr'>adjuvet.</span> <span class='ocrx_word' id='word_1_252' title='bbox 1031 3055 1116 3114; x_wconf 90' lang='lat' dir='ltr'>Haec</span> <span class='ocrx_word' id='word_1_253' title='bbox 1131 3057 1177 3112; x_wconf 86' lang='lat' dir='ltr'>inu</span> 
     </span>
     <span class='ocr_line' id='line_1_32' title="bbox 156 3136 1153 3219; baseline 0.001 -25"><span class='ocrx_word' id='word_1_254' title='bbox 156 3138 230 3194; x_wconf 88' lang='lat' dir='ltr'>omni</span> <span class='ocrx_word' id='word_1_255' title='bbox 258 3136 357 3196; x_wconf 90' lang='lat' dir='ltr'>lateris</span> <span class='ocrx_word' id='word_1_256' title='bbox 381 3140 485 3200; x_wconf 87' lang='lat' dir='ltr'>dolore</span> <span class='ocrx_word' id='word_1_257' title='bbox 514 3145 672 3216; x_wconf 88' lang='lat' dir='ltr'>communia</span> <span class='ocrx_word' id='word_1_258' title='bbox 700 3151 778 3200; x_wconf 89' lang='lat' dir='ltr'>sunt:</span> <span class='ocrx_word' id='word_1_259' title='bbox 810 3141 874 3219; x_wconf 91' lang='lat' dir='ltr'>plus</span> <span class='ocrx_word' id='word_1_260' title='bbox 903 3140 1013 3216; x_wconf 83' lang='lat' dir='ltr'>negotii</span> <span class='ocrx_word' id='word_1_261' title='bbox 1040 3149 1105 3214; x_wconf 75' lang='lat' dir='ltr'>est,</span> <span class='ocrx_word' id='word_1_262' title='bbox 1132 3141 1153 3196; x_wconf 87' lang='lat' dir='ltr'>si</span> 
     </span>
     <span class='ocr_line' id='line_1_33' title="bbox 110 3225 1153 3303; baseline 0.005 -27"><span class='ocrx_word' id='word_1_263' title='bbox 110 3269 116 3276; x_wconf 95' lang='lat'>.</span> <span class='ocrx_word' id='word_1_264' title='bbox 155 3229 255 3278; x_wconf 82' lang='lat' dir='ltr'>acutus</span> <span class='ocrx_word' id='word_1_265' title='bbox 273 3237 389 3300; x_wconf 92' lang='lat' dir='ltr'>quoque</span> <span class='ocrx_word' id='word_1_266' title='bbox 406 3225 523 3285; x_wconf 91' lang='lat' dir='ltr'>morbus</span> <span class='ocrx_word' id='word_1_267' title='bbox 539 3227 562 3284; x_wconf 94' lang='lat' dir='ltr'>is</span> <span class='ocrx_word' id='word_1_268' title='bbox 579 3227 671 3287; x_wconf 90' lang='lat' dir='ltr'>factus</span> <span class='ocrx_word' id='word_1_269' title='bbox 688 3235 741 3285; x_wconf 91' lang='lat' dir='ltr'>est</span> <span class='ocrx_word' id='word_1_270' title='bbox 765 3225 796 3283; x_wconf 92' lang='lat' dir='ltr'>in</span> <span class='ocrx_word' id='word_1_271' title='bbox 809 3225 996 3303; x_wconf 88' lang='lat' dir='ltr'>hoopraeter</span> <span class='ocrx_word' id='word_1_272' title='bbox 1009 3241 1061 3298; x_wconf 92' lang='lat' dir='ltr'>ea</span> <span class='ocrx_word' id='word_1_273' title='bbox 1081 3239 1153 3302; x_wconf 87' lang='lat' dir='ltr'>quae</span> 
     </span>
     <span class='ocr_line' id='line_1_34' title="bbox 156 3307 1153 3382; baseline 0.002 -21"><span class='ocrx_word' id='word_1_274' title='bbox 156 3320 243 3380; x_wconf 91' lang='lat' dir='ltr'>supra</span> <span class='ocrx_word' id='word_1_275' title='bbox 266 3308 360 3382; x_wconf 86' lang='lat' dir='ltr'>positu</span> <span class='ocrx_word' id='word_1_276' title='bbox 383 3319 462 3380; x_wconf 91' lang='lat' dir='ltr'>sunt</span> <span class='ocrx_word' id='word_1_277' title='bbox 485 3309 560 3368; x_wconf 89' lang='lat' dir='ltr'>baec</span> <span class='ocrx_word' id='word_1_278' title='bbox 582 3309 831 3370; x_wconf 87' lang='lat' dir='ltr'>animadvertenda</span> <span class='ocrx_word' id='word_1_279' title='bbox 857 3317 938 3367; x_wconf 89' lang='lat' dir='ltr'>sunt·</span> <span class='ocrx_word' id='word_1_280' title='bbox 961 3317 992 3366; x_wconf 93' lang='lat' dir='ltr'>ut</span> <span class='ocrx_word' id='word_1_281' title='bbox 1014 3307 1100 3367; x_wconf 92' lang='lat' dir='ltr'>cibus</span> <span class='ocrx_word' id='word_1_282' title='bbox 1121 3308 1153 3366; x_wconf 92' lang='lat' dir='ltr'>sit</span> 
     </span>
     <span class='ocr_line' id='line_1_35' title="bbox 157 3390 1153 3472; baseline 0.002 -26"><span class='ocrx_word' id='word_1_283' title='bbox 157 3405 241 3465; x_wconf 89' lang='lat' dir='ltr'>quarn</span> <span class='ocrx_word' id='word_1_284' title='bbox 257 3390 378 3446; x_wconf 87' lang='lat' dir='ltr'>maxime</span> <span class='ocrx_word' id='word_1_285' title='bbox 394 3393 486 3448; x_wconf 89' lang='lat' dir='ltr'>tenuis</span> <span class='ocrx_word' id='word_1_286' title='bbox 502 3402 530 3451; x_wconf 90' lang='lat' dir='ltr'>et</span> <span class='ocrx_word' id='word_1_287' title='bbox 548 3393 636 3469; x_wconf 76' lang='lat' dir='ltr'>lenis,</span> <span class='ocrx_word' id='word_1_288' title='bbox 660 3395 877 3472; x_wconf 88' lang='lat' dir='ltr'>praecipueque</span> <span class='ocrx_word' id='word_1_289' title='bbox 895 3392 1035 3467; x_wconf 85' lang='lat' dir='ltr'>sorbitio,</span> <span class='ocrx_word' id='word_1_290' title='bbox 1060 3409 1153 3469; x_wconf 91' lang='lat' dir='ltr'>eaque</span> 
     </span>
     <span class='ocr_line' id='line_1_36' title="bbox 157 3438 1176 3556; baseline 0.006 -28"><span class='ocrx_word' id='word_1_291' title='bbox 157 3487 195 3528; x_wconf 84' lang='lat' dir='ltr'>ex</span> <span class='ocrx_word' id='word_1_292' title='bbox 210 3471 320 3548; x_wconf 90' lang='lat' dir='ltr'>ptisana</span> <span class='ocrx_word' id='word_1_293' title='bbox 337 3473 530 3549; x_wconf 88' lang='lat' dir='ltr'>potissimum</span> <span class='ocrx_word' id='word_1_294' title='bbox 549 3487 595 3534; x_wconf 87' lang='lat' dir='ltr'>aut</span> <span class='ocrx_word' id='word_1_295' title='bbox 606 3480 655 3550; x_wconf 89' lang='lat' dir='ltr'>jus</span> <span class='ocrx_word' id='word_1_296' title='bbox 672 3479 699 3535; x_wconf 89' lang='lat' dir='ltr'>in</span> <span class='ocrx_word' id='word_1_297' title='bbox 716 3495 773 3555; x_wconf 91' lang='lat' dir='ltr'>quo</span> <span class='ocrx_word' id='word_1_298' title='bbox 790 3495 895 3556; x_wconf 91' lang='lat' dir='ltr'>porrus</span> <span class='ocrx_word' id='word_1_299' title='bbox 913 3495 975 3536; x_wconf 87' lang='lat' dir='ltr'>curn</span> <span class='ocrx_word' id='word_1_300' title='bbox 992 3438 1075 3555; x_wconf 73' lang='lat' dir='ltr'>pullo</span> <span class='ocrx_word' id='word_1_301' title='bbox 1093 3475 1151 3554; x_wconf 86' lang='lat' dir='ltr'>gal·</span> <span class='ocrx_word' id='word_1_302' title='bbox 1143 3483 1176 3522; x_wconf 78' lang='lat'>·³⁵</span> 
     </span>
    </p>
   </div>
   <div class='ocr_carea' id='block_1_6' title="bbox 0 0 1201 3906">
    <p class='ocr_par' dir='ltr' id='par_1_6' title="bbox 0 0 1201 3906">
     <span class='ocr_line' id='line_1_37' title="bbox 0 0 1201 3906; baseline 0 0"><span class='ocrx_word' id='word_1_303' title='bbox 0 0 1201 3906; x_wconf 95' lang='lat' dir='ltr'> </span> 
     </span>
    </p>
   </div>
   <div class='ocr_carea' id='block_1_7' title="bbox 1194 4 1196 1927">
    <p class='ocr_par' dir='ltr' id='par_1_7' title="bbox 1194 4 1196 1927">
     <span class='ocr_line' id='line_1_38' title="bbox 1194 4 1196 1927; baseline 0 0"><span class='ocrx_word' id='word_1_304' title='bbox 1194 4 1196 1927; x_wconf 95' lang='lat' dir='ltr'> </span> 
     </span>
    </p>
   </div>
  </div>
 </body>
</html>
