2372 3892
133 181 194 240 264
424 190 456 235 a.
472 188 502 236 o.
521 188 619 236 cucur
635 187 828 236 unntcmsn

133 345 201 404 nibil
223 344 299 404 aliud
322 352 383 418 est,
416 343 488 402 cinis
509 359 642 422 quoque,
662 311 785 402 minime
807 361 844 402 ex
864 343 1037 410 sarmenti&
1061 343 1128 402 siit

132 445 190 489 uon
206 438 266 506 ost,
284 426 405 506 quilibet
419 427 491 486 alius
507 444 546 486 ex
560 436 662 503 aceto,
684 426 732 488 vel
748 428 832 488 ctiam
850 445 888 488 ex
903 443 980 506 aqua
998 435 1128 486 coactae

495 661 679 726 CAPUT
711 664 763 726 II.

132 779 168 831 lle
179 780 233 841 hie,
248 793 312 843 quae
323 795 368 845 per
380 794 408 829 se
421 780 599 839 intumescunt,
613 778 737 842 quomodo
750 777 891 837 incidenda,
904 783 930 826 et
943 779 1064 829 curanda
1074 779 1127 830 siut

194 933 301 992 Verum
316 930 372 990 boc
390 930 503 1010 quidem
520 937 660 1008 promtum
677 937 731 988 est.
767 926 799 988 lu
816 929 851 987 iis
868 936 966 987 autem
978 931 1145 1006 negotium

131 1018 222 1091 majus
237 1024 297 1089 est,
316 1031 389 1090 quae
405 1033 458 1091 per
471 1031 521 1090 se,
538 1015 608 1072 vitio
625 1015 699 1072 intus
715 1021 792 1088 orto,
814 1013 1030 1088 intumescunt,
1053 1023 1085 1072 et
1099 1013 1129 1072 ad

131 1099 363 1176 suppurationem
380 1106 521 1174 spectant.
558 1097 600 1156 Ea
617 1098 710 1156 omnia
726 1113 835 1172 genera
850 1095 1049 1156 abscessuum
1066 1115 1128 1156 esse

131 1183 203 1242 alias
222 1182 374 1258 proposui,
399 1180 664 1257 medicamentaque
687 1179 731 1239 bis
748 1178 850 1238 idonea
866 1189 1056 1256 exsequutus
1071 1198 1129 1240 sun

132 1265 186 1341 (ol.
202 1266 244 1338 V,
259 1261 332 1339 ael:
349 1279 423 1322 nune
442 1272 592 1341 superest,
613 1262 763 1339 dedicant,
783 1263 811 1322 iu
827 1263 928 1322 iisdem
946 1281 1029 1340 quae
1050 1281 1128 1324 mauu

131 1350 193 1407 lieri
212 1346 343 1406 debeant.
363 1345 457 1423 Ergo,
473 1349 638 1425 priusquam
651 1347 849 1422 indurescant,
872 1354 968 1406 cutem
983 1347 1152 1421 incideret·

131 1440 160 1492 et
175 1429 380 1490 cucurbitulam
402 1430 621 1491 accommodare
642 1438 774 1509 opontet,
794 1447 870 1508 quae
896 1430 1045 1508 quidquid
1065 1431 1129 1491 illuc

130 1515 223 1574 malae
247 1523 458 1592 corruptaeque
477 1517 614 1574 materiae
637 1515 719 1589 colit,
741 1513 886 1574 extrahat:
907 1513 1000 1590 idque
1017 1515 1128 1587 iterun,

130 1600 273 1677 tertioque
294 1607 374 1657 recte
395 1599 441 1673 lut,
463 1597 558 1658 donec
575 1615 660 1658 omne
682 1598 814 1657 indicium
829 1597 1070 1658 iullammationis
1084 1616 1129 1657 en

131 1681 224 1742 cedat.
255 1680 357 1758 Neque
374 1691 467 1741 tamen
482 1682 527 1742 las
546 1699 603 1742 uon
623 1691 684 1756 est,
705 1681 774 1740 nihil
797 1680 1010 1742 cucurbitulam
1030 1699 1127 1758 agere.

130 1763 274 1824 Interdum
289 1766 363 1824 euim
375 1766 421 1839 lit,
437 1766 489 1825 sed
505 1782 588 1841 raro,
604 1775 633 1824 ut
650 1763 785 1842 quidquid
797 1763 944 1837 abscedit,
959 1765 1151 1826 velamenuu

130 1865 183 1906 suo
199 1847 368 1907 includatur.
400 1847 431 1909 ld
447 1850 553 1926 antiqui
570 1850 691 1908 tunicam
705 1847 897 1910 nominabant.
927 1847 1052 1924 Meges,
1066 1850 1128 1928 quia

130 1932 225 1990 tunica
237 1932 327 1990 omnis
339 1950 464 1992 nervosa
476 1941 537 2008 est,
550 1932 620 1992 dixit
632 1950 689 1992 non
701 1932 781 1992 nasci
791 1931 843 1992 sub
859 1948 895 1992 eo
909 1932 982 1991 vitio
993 1950 1127 2004 uerrunt,

130 2031 188 2092 quo
207 2031 275 2074 caro
293 2025 527 2090 consumeretur,
550 2015 618 2092 sed,
642 2015 775 2090 subjecto
789 2017 848 2090 jam
864 2016 1030 2076 vetustiore
1047 2033 1127 2093 pure,

131 2098 234 2158 callum
258 2099 434 2158 circumdari.
471 2099 554 2174 Quod
574 2099 610 2158 ad
632 2101 786 2160 curationis
802 2101 941 2158 rationem
960 2099 1048 2158 nullo
1063 2099 1127 2158 loco

130 2183 268 2260 pertiuet;
291 2185 357 2260 quia
379 2182 531 2260 quidquid,
553 2185 576 2240 si
598 2184 691 2242 tunica
713 2192 773 2258 est,
794 2183 885 2256 idem,
906 2184 931 2240 si
955 2182 1055 2242 callus
1077 2187 1151 2252 esttl

130 2265 192 2326 lieri
217 2265 312 2350 debet.
355 2265 456 2344 Neque
482 2266 540 2326 ulla
563 2285 612 2325 res
635 2266 784 2344 probibet,
812 2266 922 2326 etiamsi
953 2262 1054 2326 callus
1077 2273 1128 2339 est,

130 2358 240 2422 tamen,
265 2351 330 2426 quia
351 2350 455 2425 cingit,
477 2350 600 2409 tunicam
620 2350 768 2410 nominari.
808 2349 878 2408 Turn
904 2367 979 2426 pure
1009 2366 1129 2428 quoque

129 2431 268 2493 maturior
287 2433 360 2492 haec
381 2433 521 2494 interdum
541 2451 608 2492 esse
627 2434 791 2493 cousuevit:
814 2433 956 2511 ideoque,
978 2433 1062 2509 quod
1078 2431 1128 2492 sub

130 2532 165 2574 ea
188 2523 248 2588 est,
271 2516 380 2574 extrahi
400 2535 452 2594 per
474 2516 680 2576 cucurbitulam
701 2534 758 2576 nou
782 2525 888 2594 potest.
918 2516 978 2576 Sed
994 2516 1090 2576 lacile
1105 2514 1129 2574 id

129 2596 314 2672 intelligitur,
332 2598 379 2656 ubi
401 2598 468 2658 nibil
485 2600 597 2660 admota
613 2583 661 2660 illa
677 2601 803 2660 mutavit.
838 2599 936 2674 Ergo,
957 2601 1024 2658 sive
1041 2600 1072 2659 id
1088 2601 1152 2659 itt-²l

130 2680 214 2754 cidit,
233 2681 294 2738 slve
307 2681 366 2754 Jam
383 2681 502 2741 durities
522 2692 582 2759 est,
607 2685 634 2742 iu
651 2684 705 2744 hac
721 2683 818 2742 auxilii
842 2682 909 2742 nihil
926 2691 987 2749 est;
1022 2692 1069 2762 et,
1102 2691 1130 2740 ut

129 2763 200 2824 allas
222 2765 327 2841 scripsi
353 2762 489 2841 (11‚23;
512 2767 557 2842 V,
579 2767 613 2842 3,
641 2766 869 2851 tt,12--16),
893 2765 940 2825 tel
965 2765 1130 2836 avertenda

129 2861 305 2908 concurrens
332 2863 368 2908 eo
391 2849 524 2924 materia,
546 2850 594 2910 vel
614 2849 787 2926 digerenda,
808 2849 856 2908 vel
878 2848 912 2908 ad
934 2849 1130 2908 maturitatem

84 2965 92 2984 ·
129 2931 312 3010 perducenda
334 2941 388 2992 est.
424 2932 454 2990 Si
476 2933 573 3010 priora
590 2935 789 3010 contigerunt,
813 2932 882 2992 nibil
905 2940 1066 3010 praeterea
1080 2950 1128 2990 ue·

128 3017 286 3092 cessarium
302 3025 357 3075 est.
389 3017 419 3075 Si
436 3033 489 3092 pus
505 3019 653 3093 maturuit,
671 3019 699 3076 iu
716 3017 770 3076 alis
786 3016 899 3096 quidem
914 3025 943 3076 et
957 3015 1150 3092 inguinibustl

127 3113 194 3158 raro
210 3098 363 3161 secandum
378 3108 436 3167 est;
455 3102 522 3158 item
535 3099 704 3178 ubicumque
719 3099 874 3159 mediocris
889 3098 1050 3158 abscessus
1066 3108 1126 3164 est;

127 3179 195 3238 item
208 3184 321 3257 quoties
336 3186 364 3242 iu
380 3201 486 3243 stimma
503 3192 583 3258 cute,
599 3183 747 3244 ueletiam
766 3200 852 3243 carne
868 3183 965 3242 vitium
983 3190 1043 3242 est:
1067 3181 1121 3240 uisi

127 3262 265 3324 festinare
281 3264 409 3324 cubantis
424 3265 605 3327 imbecillitas
617 3266 711 3343 cogit:
727 3269 854 3344 satisque
870 3275 914 3325 est
929 3264 1120 3342 cataplasma-

127 3345 164 3407 tis
179 3346 314 3423 efficere,
331 3356 359 3406 ut
376 3365 428 3424 por
444 3367 476 3408 se
490 3367 542 3426 pus
558 3354 712 3428 aperiatur.
742 3350 813 3409 Nam
829 3351 891 3408 iere
904 3349 965 3407 siue
982 3348 1121 3406 cicatrice

127 3439 225 3511 potest
240 3449 306 3492 esse
321 3432 346 3490 is
364 3430 463 3511 locus,
481 3434 529 3510 qui
545 3443 681 3512 expertus
697 3434 803 3494 ferrum
820 3449 877 3494 uon
895 3441 948 3493 est.
980 3433 1011 3492 Si
1025 3441 1149 3492 autenu
1185 3430 1186 3435 ’
