2444 3904
143 171 183 232 28
446 183 840 232 s.c.eunsruuororuan

141 340 190 396 Ex
207 341 425 416 tempestatibus
438 357 508 399 vero
526 341 651 417 optimae
667 339 806 416 aequales
824 346 903 412 sant,
924 339 986 395 sive
1001 335 1141 412 frigidae,

142 425 204 480 sive
221 423 346 482 calidae:
370 425 530 502 pessimae,
554 439 628 500 quae
643 425 764 481 maxime
782 423 891 480 variant
915 421 968 497 (cl.
986 419 1065 498 Apb.
1086 419 1141 496 ΙΙΙ,

144 508 156 563 1
177 514 205 564 et
221 506 266 585 8).
299 506 363 580 Quo
380 509 425 583 lit,
449 518 480 566 ut
495 517 642 566 autumnus
659 506 797 584 plurimos
815 507 959 583 opprimat
981 505 1035 581 (cl.
1054 503 1141 582 Apb.
1207 555 1208 570 ι

141 588 199 666 ΙΙΙ,
217 591 268 668 9);
296 609 360 650 narn
383 592 447 651 lere
474 591 636 650 meridianis
663 589 840 669 temporibus
863 589 960 656 ealor;
988 592 1143 648 nocturnis
1206 615 1208 640 ι

142 683 227 752 atque
253 678 413 751 matutinis,
445 675 586 752 simulque
616 675 702 734 etiam
732 674 922 753 vespertinis,
957 674 1048 749 frigus
1079 683 1169 734 ests

141 755 255 836 Corpus
278 773 368 837 ergo,
394 769 422 818 et
445 767 574 833 aestate,
604 768 633 818 et
657 758 777 819 subinde
799 757 962 817 meridianis
990 757 1142 816 caloribus

140 843 315 919 relaxatum,
339 844 434 903 subito
454 843 564 920 frigore
581 845 738 921 excipitur;
760 843 830 918 sed,
851 851 882 900 ut
905 859 940 900 eo
955 851 1089 919 ternpore
1110 843 1142 902 id

139 929 262 986 maxime
289 928 334 1004 lit,
360 929 403 988 sic
429 929 667 1005 quandocumque
694 930 806 1002 evenit,
832 928 948 985 nonium
973 934 1027 986 est.
1081 925 1141 984 Ubi

140 1011 298 1088 aequalitas
321 1021 415 1070 autem
437 1021 499 1086 est,
524 1021 618 1070 tamen
645 1011 826 1070 saluberrimi
846 1019 911 1069 sunt
936 1011 1031 1069 sereni
1054 1009 1138 1078 dies;

138 1096 276 1154 meliores
300 1096 390 1173 pluvii
411 1113 495 1173 quam
516 1104 623 1156 tantum
639 1096 789 1171 nebulosi,
812 1095 953 1154 nubilive:
976 1095 1139 1173 optimique
1152 1113 1175 1152 ro

64 1217 68 1226 ·
138 1179 249 1253 bieme,
273 1181 320 1257 qui
338 1182 413 1238 omni
428 1189 515 1238 vento
535 1189 653 1255 vacant,
677 1189 804 1254 aestate,
827 1179 929 1257 quibus
947 1179 1054 1238 favonii
1069 1197 1139 1256 per·

138 1262 214 1321 llant.
252 1263 282 1321 Si
303 1281 395 1338 genus
418 1264 494 1323 aliud
514 1273 665 1323 ventorum
681 1273 742 1340 est,
765 1263 943 1324 salubriores
959 1264 1138 1341 septentrio-

137 1345 238 1421 nales,
257 1363 343 1423 quarn
358 1346 524 1424 subsolani,
549 1348 597 1407 vel
616 1351 703 1408 austri
721 1357 801 1408 sunt:
825 1349 868 1406 sic
880 1357 975 1406 tamen
992 1347 1084 1421 baec,
1108 1355 1140 1404 ut

136 1429 277 1490 interdum
293 1432 443 1508 regionum
461 1442 540 1491 sorte
556 1441 709 1492 mutentur.
740 1431 811 1492 Nam
832 1431 1011 1508 lere·ventus
1027 1430 1139 1508 ubique

137 1514 387 1575 amediterraneis
405 1516 574 1593 regionibus
588 1518 725 1592 veniens,
741 1515 880 1584 salubris;
898 1516 1018 1592 amari,
1036 1515 1172 1591 gravisus

138 1607 191 1658 est.
225 1597 329 1677 Neque
347 1600 440 1658 solum
458 1601 485 1659 in
502 1602 580 1660 bono
596 1609 797 1678 tempestatum
814 1599 911 1658 babitu
930 1600 1037 1659 certior
1055 1598 1137 1657 vale·

136 1681 205 1741 tudo
223 1691 282 1751 est;
300 1682 351 1743 sed
367 1683 461 1744 morbi
477 1703 607 1763 quoque,
624 1687 648 1743 si
662 1687 710 1761 qui
722 1684 897 1759 inciderunt,
914 1684 1042 1742 leviores
1059 1691 1137 1758 sunt,

137 1775 166 1825 et
177 1768 315 1843 promtius
329 1768 462 1828 liniuntur
474 1767 569 1846 (Apb.
585 1767 635 1843 Ill,
649 1766 682 1835 8;
699 1766 793 1846 Epio.
805 1766 841 1842 ΙΙ,
857 1770 884 1844 l,
901 1769 947 1846 5).
977 1767 1136 1827 Pessimum

139 1867 229 1926 aegro
249 1851 363 1911 coelum
382 1861 442 1927 est,
463 1853 540 1931 quod
556 1871 673 1928 aegrum
689 1852 771 1921 iecit;
794 1851 868 1910 adeo
884 1853 957 1910 utin
973 1852 1000 1911 id
1017 1868 1136 1928 quoque

136 1951 247 2011 genus,
273 1937 350 2012 quod
364 1946 464 1996 natura
481 1939 565 2014 pejus
582 1945 644 2012 est,
662 1939 691 1995 in
710 1937 766 1996 boc
782 1944 857 1994 statu
873 1935 996 1995 salubris
1016 1934 1171 1994 mutatione

136 2020 182 2078 sit.
212 2018 251 2078 At
266 2029 346 2080 aetas
362 2021 455 2080 media
470 2023 610 2080 tutissima
626 2029 687 2096 est,
706 2039 780 2099 quae
794 2037 889 2097 neque
901 2022 1040 2096 juventae
1056 2018 1136 2078 calo-

136 2117 186 2178 re,
209 2121 304 2182 neque
327 2106 485 2165 senectutis
505 2106 616 2182 frigore
638 2106 798 2165 infestatur.
837 2105 945 2179 Longis
962 2102 1070 2162 morbis
1090 2121 1136 2160 se·

136 2196 254 2264 nectus,
272 2191 365 2250 acutis
377 2189 575 2250 adolescentia
590 2191 681 2268 magis
694 2199 783 2270 patet.
817 2187 932 2266 Corpus
946 2197 1041 2246 autern
1054 2185 1136 2245 babi-

136 2271 274 2332 lissimum
288 2275 455 2353 quadratum
467 2283 527 2351 est,
544 2293 640 2352 neque
652 2275 779 2351 gracile,
795 2289 890 2351 neque
906 2271 1035 2331 obesum.
1063 2269 1137 2328 Nam
1207 2281 1208 2298 ³

137 2357 225 2434 longa
241 2367 364 2434 statura,
381 2368 411 2418 ut
426 2361 454 2416 in
464 2361 582 2436 juventa
599 2359 706 2418 decora
723 2367 782 2433 est,
799 2358 841 2414 sic
856 2365 966 2416 matura
982 2364 1171 2416 senectutem

138 2441 290 2499 coniicitur
305 2440 401 2519 (Apb.
419 2443 461 2517 ΙΙ,
478 2444 553 2521 54):
577 2443 688 2518 gracile
710 2458 817 2518 corpus
835 2441 989 2510 infirmum;
1013 2441 1137 2500 obesum
1207 2491 1208 2498 ,

136 2521 229 2580 bebes
245 2532 299 2582 est.
339 2525 417 2583 Vere
433 2534 528 2584 autem
543 2527 898 2602 maxime,quaecumque
915 2526 1041 2585 humoris
1057 2533 1138 2584 motu
1206 2513 1208 2588 l

136 2615 294 2681 novantur,
318 2606 346 2664 in
361 2617 437 2666 metu
454 2627 521 2666 esse
537 2617 719 2666 consuerunt.
750 2607 831 2685 Ergo
852 2619 919 2668 tunc
938 2609 1137 2688 lippitudines,
1206 2599 1208 2670 l

136 2689 287 2768 pustulae,
304 2691 434 2767 prolusio
452 2692 615 2768 sanguinis,
633 2690 806 2770 abscessus,
828 2711 902 2772 quae
920 2685 1138 2772 ἀποστήματα
1206 2711 1208 2792 p

138 2773 242 2833 Graeci
257 2775 417 2848 nominant,
439 2772 505 2833 bilis
521 2784 599 2850 atra,
624 2793 707 2853 qnam
731 2778 949 2856 μελαγχολίαν
973 2778 1171 2855 appellant,oo

136 2859 254 2933 insania,
272 2857 389 2917 morbus
406 2859 567 2935 comitialis,
589 2861 701 2936 angina,
719 2863 903 2938 gravedines,
923 2862 1138 2920 destillationes

137 2944 207 3001 oriri
219 2942 323 3001 solent.
354 2941 377 3001 li
390 2959 506 3020 quoque
518 2944 621 3019 morbi,
638 2947 685 3022 qui
698 2947 725 3003 in
739 2947 867 3004 articulis
880 2947 1036 3024 nervisque
1048 2944 1137 3003 modo

136 3035 256 3102 urgent,
275 3026 361 3085 modo
373 3029 539 3105 quiescunt,
555 3038 622 3087 tnnc
638 3031 760 3088 maxime
776 3040 805 3089 et
819 3030 989 3089 inchoantur
1005 3039 1033 3088 et
1049 3047 1136 3108 repe·

136 3119 197 3168 tunt
219 3110 273 3188 (cl.
289 3108 369 3190 Apb.
383 3110 519 3192 111,'20).
555 3112 594 3170 At
610 3123 705 3172 aestas
724 3132 780 3173 non
801 3115 915 3192 quidem
930 3122 1014 3173 vacat
1028 3113 1135 3191 pleris-

137 3211 193 3270 que
209 3195 253 3253 his
268 3195 391 3265 morbis:
414 3197 466 3256 sed
482 3198 580 3272 adjicit
594 3197 692 3256 febres
708 3198 757 3257 vel
773 3200 938 3274 continuas,
961 3198 1010 3256 vel
1029 3197 1170 3257 arden-³⁵

136 3287 197 3354 tes,
220 3278 268 3338 vel
290 3281 445 3357 tertianas,
472 3283 614 3352 vomitus,
636 3283 692 3341 alvi
714 3283 911 3358 dejectiones,
941 3281 1135 3340 auricularum
1206 3309 1208 3336 ι

136 3361 272 3440 dolores,
288 3363 388 3425 ulcera
403 3368 480 3441 oris,
497 3383 636 3441 cancros,
655 3375 684 3424 et
698 3366 726 3422 in
739 3367 846 3425 ceteris
863 3365 976 3443 quidem
989 3365 1134 3442 partibus,

136 3447 189 3515 sed
203 3450 325 3508 maxime
341 3451 370 3508 in
384 3449 555 3520 obscoenis3
573 3458 602 3509 et
613 3449 750 3528 quidquid
762 3451 868 3510 sudore
883 3449 1025 3511 bominem
1036 3447 1133 3508 resol-
