2444 3904
179 199 216 258 li]
477 210 509 257 A.
522 208 553 258 0.
566 209 664 258 onum
677 207 868 258 mauruntus:

177 362 255 441 quod
270 381 308 422 cx
321 362 367 422 bis
382 369 426 422 est
433 373 448 438 ,¹
457 363 483 422 si
501 379 608 442 corpus
624 361 791 422 adstrictum
805 370 865 438 est,
880 361 1068 439 digerendum
1084 357 1168 432 ‘essm

177 450 201 506 si
220 447 363 526 profluvio
383 445 512 522 laborat,
535 445 747 514 continendum
770 448 793 506 si
812 448 928 505 mixtum
950 447 1048 506 vitium
1069 446 1167 522 babet,

177 530 384 592 occurrendum
396 530 516 590 subinde
527 529 733 590 vehementiori
744 529 830 590 malo.
846 529 884 589 Et
895 529 979 589 aliter
990 532 1084 590 acutis
1095 549 1169 590 mor·

176 615 222 674 bis
232 613 409 691 medendum,
422 614 505 674 aliter
515 615 646 688 vetustis,
661 613 743 673 aliter
754 613 992 690 increscentibus,
1005 614 1092 684 aliter
1104 615 1168 674 sub·

176 697 352 774 sistentibus,
368 699 451 758 aliter
463 698 523 772 jam
540 696 574 756 ad
591 699 739 757 sanitatem
754 697 905 758 inclinatis.
932 697 1041 758 llornm
1066 697 1188 758 obser-e

176 785 320 844 rationem
339 782 506 841 medicinam
526 799 608 850 esse;
632 799 715 859 quam
738 782 777 841 ita
799 782 912 855 finiunt,
936 790 966 840 ut
989 783 1072 859 quasi
1096 784 1169 841 viam

176 866 335 946 qnamdam,
352 883 435 943 quam
448 860 596 944 μέθοδον
612 865 716 926 Graeci
731 867 891 941 nominant,
907 883 1081 943 eorumque,
1095 883 1169 943 quae

175 954 204 1010 in
219 949 329 1010 morbis
346 948 503 1009 communia
519 957 597 1022 sunt,
613 949 879 1026 contemplatricem
893 968 960 1008 esse
982 949 1167 1010 contendant.

174 1036 220 1096 Ac
233 1051 326 1111 neque
342 1031 529 1093 rationalibus
539 1051 583 1107 se,
599 1051 693 1112 neque
707 1034 903 1110 experimenta
915 1042 1020 1092 tantum
1032 1043 1167 1111 spectan-

172 1117 249 1180 tibus
263 1116 441 1176 adnumerari
456 1116 568 1177 volunt:
587 1134 671 1194 quum
688 1116 724 1176 ab
739 1117 797 1176 illis
808 1134 844 1175 eo
859 1119 972 1177 nomine
984 1116 1165 1191 dissentiant,
1178 1124 1194 1162 ¹⁰

174 1199 250 1279 qnod
263 1201 293 1258 in
308 1201 474 1275 conjectura
493 1218 587 1259 rernm
610 1201 754 1260 latentium
775 1200 874 1261 nolunt
893 1219 960 1260 csse
980 1201 1166 1267 medicinam

173 1284 209 1344 ab
221 1284 266 1344 bis
279 1302 327 1359 eo,
344 1283 419 1362 quod
436 1301 534 1361 parum
551 1285 621 1344 artis
638 1303 704 1344 essa
722 1285 749 1344 in
765 1283 969 1344 observatione
984 1286 1166 1362 experimen-

172 1378 265 1427 torum
282 1367 411 1426 oredunt.
436 1367 521 1442 Quod
536 1367 571 1428 ad
585 1367 789 1429 Erasistratum
806 1369 947 1446 pertinet,
968 1369 1091 1447 primum
1105 1369 1168 1446 ipsa

173 1451 316 1512 evidentia
329 1452 392 1526 ejus
406 1454 534 1530 opinioni
548 1461 690 1530 repugnat
696 1475 703 1521 ;
720 1454 786 1530 quia
800 1469 884 1528 raro,
906 1453 960 1512 nisi
976 1461 1044 1530 post
1065 1452 1167 1512 borum

173 1535 295 1613 aliquid,
311 1534 427 1595 morbus
445 1537 532 1596 venit.
564 1535 675 1596 Deinde
693 1553 751 1596 non
767 1537 914 1613 sequitur,
930 1544 960 1597 ut
980 1535 1056 1614 quod
1083 1536 1166 1596 alium
1175 1547 1194 1585 1⁵

172 1638 229 1680 non
243 1619 341 1695 allicit,
356 1628 403 1678 aut
420 1619 549 1680 eumdem
565 1620 650 1696 alias,
666 1620 744 1680 idne
760 1619 842 1680 alteri
857 1619 986 1697 quidem,
1005 1628 1053 1679 aut
1074 1619 1167 1679 eidem

172 1713 304 1780 tempore
325 1701 382 1762 alio
403 1711 518 1764 noceat.
551 1703 675 1764 Possunt
697 1705 772 1762 enim
793 1703 933 1782 quaedam
954 1703 1077 1764 subesse
1103 1721 1166 1763 eor·

173 1788 247 1864 pori,
262 1786 310 1846 vel
321 1803 359 1846 ex
373 1787 533 1847 infirmitate
549 1787 628 1862 ejus,
647 1786 693 1846 vel
708 1805 746 1846 ex
761 1787 857 1865 aliquo
873 1787 995 1864 affectu,
1021 1805 1097 1865 qnae
1120 1787 1167 1845 vel

172 1871 200 1929 in
217 1868 274 1929 alio
290 1888 346 1930 non
362 1880 436 1948 sunt,
453 1871 500 1931 vel
518 1872 546 1930 in
561 1870 618 1930 boc
633 1871 704 1930 alias
717 1887 775 1930 non
792 1871 921 1940 inerunt:
945 1889 1036 1949 eaque
1058 1889 1114 1949 per
1134 1889 1166 1929 se

171 1971 227 2012 non
243 1962 330 2028 tanta,
346 1963 375 2013 ut
393 1956 539 2014 concitent
552 1953 696 2030 morbum,
710 1963 803 2015 tamen
818 1953 972 2014 obnoxium
988 1956 1081 2031 magis
1103 1955 1195 2014 alliso

171 2038 280 2111 injuriis
295 2055 402 2116 corpus
417 2040 553 2098 efficiant.
581 2038 665 2113 Quod
677 2039 701 2098 si
718 2039 988 2118 contemplationem
1002 2057 1099 2098 rernm
1118 2057 1167 2098 na·

170 2130 262 2197 tnrae,
279 2139 362 2198 qnam
375 2140 433 2182 non
445 2131 554 2183 temere
569 2122 672 2182 medici
688 2121 742 2181 sibi
763 2123 920 2199 vindicant,
941 2124 1011 2184 satis
1032 2140 1167 2201 compre·

171 2204 329 2281 hendisset,
345 2207 432 2266 etiam
446 2206 516 2268 illud
535 2207 655 2282 scisset,
676 2206 744 2266 nibil
767 2209 881 2267 omnino
897 2206 936 2267 ob
950 2225 1034 2267 unam
1049 2224 1167 2266 cansam

170 2289 244 2366 beri,
261 2288 313 2349 sed
329 2289 356 2349 id
372 2308 426 2369 pro
442 2310 529 2352 causa
544 2292 732 2369 apprehendi,
749 2290 825 2369 quod
842 2291 998 2350 contulisse
1014 2290 1166 2369 plurimum
1217 2357 1218 2362 η

78 2365 82 2372 ’
170 2374 292 2449 videtur.
321 2374 421 2434 Potest
435 2374 577 2450 autemid,
593 2374 657 2434 dum
672 2374 763 2434 solnm
779 2382 838 2447 est,
855 2391 912 2433 non
931 2393 1066 2450 movere,
1088 2373 1194 2451 quod2⁵

166 2458 295 2530 junctum
310 2458 373 2516 aliis
387 2462 509 2518 maxime
525 2468 631 2520 movet.
666 2456 788 2518 Accedit
804 2456 838 2514 ad
855 2456 936 2534 baec,
954 2456 1031 2535 qnod
1047 2475 1083 2516 ne
1100 2459 1164 2535 ipse

171 2539 285 2614 quidem
296 2539 497 2616 Erasistratus,
511 2543 558 2617 qui
570 2539 714 2599 transfuso
726 2541 754 2598 in
765 2540 886 2598 arterias
900 2542 1039 2617 sangnine
1052 2539 1165 2600 febrem

171 2621 233 2679 lieri
252 2621 331 2695 dicit,
348 2623 434 2700 idque
451 2625 533 2682 nimis
545 2623 661 2699 repleto
680 2623 958 2701 corporeincidere,
975 2624 1096 2708 peperit,
1113 2641 1165 2682 cur
1217 2623 1218 2668 ἓ

160 2722 208 2770 ‚ex
228 2703 341 2763 dnobus
362 2723 454 2783 aeque
474 2705 610 2781 repletis,
630 2705 704 2764 alter
723 2706 752 2764 in
773 2706 904 2767 morbum
921 2707 1066 2784 ipciderit,
1090 2708 1165 2766 alter
1217 2719 1218 2724 ’

170 2790 246 2847 omni
260 2788 392 2865 periculo
408 2788 530 2856 vacarit;
553 2787 630 2864 qnod
644 2788 772 2865 qnotidie
789 2790 853 2849 fieri
868 2800 1000 2870 apparet.
1038 2791 1085 2852 Ex
1106 2806 1193 2869 quotu
1217 2857 1218 2868 ,

169 2871 242 2931 disci
257 2880 366 2950 potest,
383 2881 412 2931 ut
426 2889 496 2932 vera
511 2871 549 2930 sit
562 2871 611 2930 illa
626 2872 795 2949 transfusio,
809 2882 909 2942 ,tamen
930 2875 1007 2934 illam
1029 2892 1087 2934 non
1111 2892 1165 2952 per
1217 2883 1218 2926 i

170 2974 213 3030 se,
229 2973 314 3032 quum
329 2955 444 3032 plenum
461 2972 567 3033 corpus
582 2964 636 3030 est,
653 2957 731 3033 lieri,
755 2957 808 3016 sed
823 2974 908 3034 quum
929 2958 1029 3018 borum
1055 2957 1165 3035 aliquid
1217 3001 1218 3008 κ

169 3041 337 3098 accesserit.
364 3039 544 3100 Themisonis
559 3057 629 3100 vero
645 3040 763 3117 aemuli,
779 3042 803 3099 si
819 3051 976 3120 perpetua,
997 3059 1070 3120 quae
1095 3060 1163 3120 pro·

168 3123 288 3198 mittunt,
305 3121 419 3199 babent,
435 3123 627 3200 magis'etiam
643 3141 726 3201 quam
742 3124 802 3200 ulli,
819 3126 975 3184 rationales
993 3135 1066 3184 sunt.
1103 3124 1130 3184 N
1132 3143 1162 3184 e-

169 3222 226 3282 que
241 3207 325 3280 eninr,
340 3209 363 3266 si
380 3208 443 3286 quis
457 3225 514 3266 non
530 3207 622 3267 omnia
640 3217 726 3284 tenet,
744 3225 818 3285 qnae
834 3209 982 3268 rationalis
1000 3208 1072 3269 alius
1094 3227 1193 3287 pro-ae

168 3287 228 3364 bat,
245 3291 374 3366 protinus
392 3291 450 3351 alio
467 3308 545 3351 novo
562 3291 675 3350 nomine
696 3293 765 3350 artis
784 3290 907 3368 indigem
924 3294 949 3351 si
964 3292 1068 3367 modo,
1084 3293 1162 3370 quod

168 3374 287 3451 primum
305 3384 357 3452 est,
375 3393 433 3434 non
446 3377 601 3435 memoriae
617 3375 691 3450 soli,
713 3376 765 3435 sed
782 3376 886 3434 rationi
908 3393 1022 3454 qnoque
1046 3378 1160 3436 insistit.

168 3457 228 3534 Sin,
247 3457 323 3536 quod
341 3476 411 3519 vero
427 3461 546 3538 propius
558 3467 612 3534 est,
627 3459 676 3518 vin
691 3459 748 3518 nlla
766 3456 905 3537 per'petua
928 3470 1088 3540 praecepta
1102 3479 1159 3520 me-
