2392 3906
341 217 407 265 um.
422 217 469 264 ru.
490 217 564 266 our.
581 218 655 265 x111.
672 219 742 267 arr.
979 213 1038 274 139

39 371 163 430 linaceo
186 379 287 431 coctus
308 373 359 440 sit;
383 372 470 449 idque
491 363 622 431 non'nisi
643 375 729 433 tertio
751 391 866 454 quoque
882 376 927 436 die
944 377 1037 453 detur,
1121 420 1125 424 -

37 457 66 514 si
93 463 191 514 tamen
213 473 266 534 per
287 457 364 514 vires
386 454 500 522 licebit;
522 457 602 533 potui
617 474 695 516 ¹vero
718 475 792 535 aqua
810 459 916 534 mulsa,
940 463 1038 540 inqua

36 537 223 616 hyssopum,
251 547 297 598 aot
317 547 379 598 ruta
402 538 524 598 decocta
545 542 592 599 sit.
636 539 716 612 Quae
731 541 838 618 ‘quibus
860 543 1038 622 temporibus

35 621 139 695 danda
161 624 233 698 sint,
259 641 296 682 ex
317 624 428 682 ratione
450 623 564 682 levatae
583 623 674 683 debris
694 625 859 704 apparebit;
883 628 941 701 sic,
965 637 995 686 ut
1011 630 1038 686 in

1 733 19 770 5
36 705 220 765 remissione
237 723 319 785 quam
335 707 454 767 maxima
471 706 587 767 dentur:
610 724 673 766 cum
690 724 726 766 eo
742 716 853 784 tamen,
870 719 900 768 ut
915 711 1038 770 sciamus

33 805 102 847 non
126 806 194 848 esse
221 791 284 865 ojus
305 789 427 870 generis
454 793 537 849 tussi·
552 791 646 852 aridas
672 790 774 852 lauces
803 794 1039 853 committendas:

31 890 138 950 saepe
161 874 252 948 enim,
277 872 324 931 nbi
339 874 408 933 nibil
423 882 468 932 est
483 874 560 951 quod
576 883 763 950 exscreetur,
789 879 983 953 continuatur,
1009 887 1039 936 et

31 956 215 1032 strangulat.
236 955 293 1014 Ob
311 973 394 1033 quam
410 973 525 1016 causam
541 958 600 1018 dixi
616 959 701 1018 etiarn
717 961 802 1035 pejus
817 961 845 1020 id
860 977 953 1037 genus
970 977 1037 1020 esse

29 1041 148 1114 tussis,
175 1040 250 1116 quod
272 1040 357 1114 nihil,
381 1057 464 1119 quam
486 1042 563 1119 quod
583 1043 711 1120 pituitam
733 1053 874 1102 moveret.
913 1045 971 1103 Sed
992 1044 1038 1104 bic

7 1126 141 1182 trinum
164 1123 301 1199 sorbere,
332 1131 474 1203 utsupra
501 1127 718 1202 praecepimus,
747 1125 865 1186 morbus
891 1127 955 1205 ipse
981 1143 1037 1186 non

29 1209 168 1285 patitur:
195 1209 223 1265 in
246 1209 338 1266 ricem
361 1209 424 1283 ejus
446 1226 560 1268 cremor
583 1211 713 1287 ptisanae
735 1210 889 1272 sumendus
913 1219 966 1270 εει.
1000 1209 1038 1270 Ut

28 1291 82 1350 bis
109 1299 205 1350 autern
227 1292 254 1349 in
273 1293 338 1370 ipso
354 1291 446 1350 morbi
460 1293 577 1351 ierrore
594 1292 775 1354 sustinendus
791 1311 882 1370 aeger
897 1304 958 1368 est,
983 1297 1036 1368 sio,

28 1374 86 1433 ubi
112 1375 228 1450 paulum
244 1376 268 1433 is
286 1393 319 1434 se
335 1377 461 1450 remisit,
484 1376 616 1437 alimenta
632 1377 781 1454 pleniora,
804 1379 903 1437 etvini
921 1393 1036 1456 quoque

29 1457 152 1534 aliquid
175 1458 235 1516 dari
259 1468 370 1536 potest:
399 1458 463 1518 dum
483 1459 551 1519 nibil
579 1460 678 1535 detur,
706 1461 782 1537 quod
808 1470 855 1520 aut
880 1461 1037 1537 reirigeret

4 1558 171 1619 scorpus,
189 1551 237 1600 aut
252 1542 351 1602 iauoes
367 1539 494 1620 asperet.
518 1544 550 1602 Si
561 1546 588 1603 in
599 1544 759 1602 reiectione
772 1561 888 1623 quoque
901 1547 1038 1603 manserit

29 1626 149 1700 tussis,
172 1626 359 1685 intermittere
380 1626 527 1703 oportebit
542 1644 597 1690 uno
615 1627 675 1693 die;
696 1637 875 1706 posteroque
893 1645 954 1687 curn
970 1627 1036 1686 cibo

28 1709 97 1769 vini
122 1709 212 1788 paulo
236 1710 301 1787 plus
324 1727 482 1770 assumere.
519 1711 616 1791 Atque
639 1712 794 1789 incipiente
818 1727 933 1789 quoque
953 1713 1036 1786 tussi,

27 1803 98 1852 tum
115 1809 175 1850 uon
191 1795 245 1853 erit
260 1794 399 1869 alienum,
419 1802 449 1854 ut
463 1812 549 1872 supra
567 1812 682 1873 quoque
698 1797 820 1872 positum
837 1805 882 1854 est
898 1795 951 1872 (ci.
970 1812 1034 1872 cap.

32 1878 117 1954 10),
149 1875 206 1935 uini
227 1877 504 1952 cyathossorbere:
535 1880 586 1939 sed
611 1880 638 1936 in
658 1879 714 1938 boc
735 1897 844 1956 genere
866 1878 1036 1938 valetudinis

2 1990 15 2012 ιι
31 1961 148 2034 dulce,
171 1961 218 2019 vel
233 1971 312 2020 certe
328 1962 394 2020 lene
410 1963 586 2026 commodius
604 1971 657 2021 εει.
694 1963 724 2022 Si
740 1963 841 2023 malum
857 1963 1035 2037 inveteravit,

33 2043 187 2103 athletico
202 2046 278 2104 rictu
297 2063 403 2124 corpus
422 2045 589 2106 firmandum
602 2055 655 2107 est.

322 2285 512 2346 curor
552 2281 759 2362 xrvpvup.

229 2401 265 2450 De
280 2403 404 2452 viscerum
418 2404 524 2465 morbis,
544 2409 568 2451 ει
583 2404 664 2468 primo
682 2403 712 2452 de
731 2403 858 2467 pulmone.

105 2551 132 2609 Α
158 2553 328 2630 compagine
353 2555 485 2631 corporis
506 2555 540 2613 ad
563 2556 678 2614 viscera
701 2553 902 2613 transeundum
920 2561 979 2621 est;
1009 2560 1036 2610 et

0 2639 64 2696 cin
92 2634 196 2714 primis
221 2636 255 2694 ad
278 2637 441 2715 pulmonem
464 2639 647 2706 veniendum3
678 2657 715 2697 ex
742 2653 799 2716 quo
826 2637 981 2696 vehemens
1008 2645 1037 2694 et

31 2728 146 2780 acutus
168 2717 284 2779 morbus
308 2721 413 2797 oritur,
437 2741 521 2799 quem
542 2711 847 2802 neptmvrvporutto'r
862 2722 964 2782 Graeci
986 2737 1035 2778 vo·

31 2812 117 2864 cant.
161 2799 232 2878 Ejus
253 2804 326 2862 haec
348 2805 474 2872 conditio
497 2816 556 2865 est:
580 2806 675 2882 pulmo
698 2814 774 2864 totus
800 2805 937 2865 allicitur:
963 2804 1037 2862 bunc

32 2890 106 2964 ejus
126 2903 223 2945 casum
238 2889 422 2965 subsequitur
438 2891 540 2966 tussis,
562 2889 648 2948 bil-em
663 2890 710 2949 vel
727 2907 780 2967 pus
795 2890 929 2957 trahens,
953 2902 1036 2963 prae·

33 2971 210 3032 cordiorurn
232 2974 377 3049 totiusque
398 2975 528 3051 pectoris
555 2974 697 3050 gravitas,
729 2973 845 3049 spiritu-s
873 2968 1037 3042 difficultas,

0 3071 167 3130 tmflgllass
189 3051 305 3131 febres,
330 3057 462 3115 continua
483 3057 598 3132 vigilia,
621 3055 856 3131 cibrtasridtum,
879 3052 971 3112 tabes.
1005 3051 1038 3110 ld

30 3155 135 3216 genus
151 3139 244 3198 morbi
257 3139 322 3216 plus
339 3139 477 3216 periculi,
500 3157 582 3218 quam
598 3140 705 3200 doloris
722 3137 818 3198 babet.
857 3137 997 3218 Oportet,
1014 3137 1038 3193 si

32 3222 112 3282 satis
138 3220 254 3280 validae
279 3223 464 3297 virescunt,
497 3225 664 3300 sanguinem
688 3225 818 3284 mittere:
851 3221 875 3280 si
899 3222 1037 3291 minores,

33 3304 242 3366 cucurbitulas
259 3306 320 3364 sine
336 3307 416 3365 ierro
432 3307 611 3384 praecordiis
628 3308 800 3368 admovere:
838 3313 910 3381 tum,
928 3305 950 3362 si
967 3303 1038 3362 satis
1098 3355 1101 3370 ‚

31 3389 139 3464 valet,
165 3390 307 3464 gestando
332 3407 450 3467 aegrum
471 3390 620 3467 digerere:
645 3391 668 3448 si
692 3407 809 3467 parum,
831 3389 904 3448 intra
926 3387 1038 3446 domum

0 3492 22 3520 ν-
36 3483 142 3536 tamen
168 3472 334 3546 dimoveret
362 3475 509 3554 potionem
535 3482 628 3533 autem
651 3473 772 3550 hyssopi
793 3473 879 3546 dare,
902 3488 964 3530 cum
981 3483 1036 3544 quo
