2392 3906
143 205 184 268 fio
426 217 458 264 e.
479 216 509 264 o.
531 215 631 264 censu
647 213 841 262 nemorum

142 372 288 449 *dejectio
304 373 366 432 fuit.
396 373 427 431 Si
443 374 508 452 quis
522 372 659 431 antemio
674 369 815 446 ejusmodi
829 368 914 428 febre
928 369 1036 428 leuiter
1054 370 1158 444 tussit,

142 459 167 517 is
188 475 283 536 neque
304 455 467 516 vehementi
489 456 535 516 siti
561 453 741 514 conflictatur
762 451 1157 532 (or.Apt.1v‚oa),ne-
1193 515 1194 532 ,

144 560 199 621 que
215 540 317 601 bibere
334 557 436 618 aquam
450 539 583 617 frigidam
598 537 702 607 debete
713 538 767 598 sed
779 556 816 599 eo
830 537 917 598 modo
933 537 1084 598 curandus
1099 547 1159 613 est,

144 643 203 704 quo
219 628 247 686 in
260 627 367 686 ceteris
382 623 512 686 febribus
530 623 717 703 praecipitur.
1193 619 1194 624 ’

471 859 667 922 CAPUT
709 862 818 922 VIII.

443 979 545 1029 Curatio
558 979 743 1029 semitertianae
757 979 844 1030 febris.

199 1133 238 1192 Αι
257 1131 305 1208 ubi
322 1131 350 1190 id
372 1149 466 1208 genus
486 1133 625 1192 tertianae
642 1141 704 1208 est,
725 1132 801 1211 quoi
816 1119 1024 1210 ἡμιτριταιον
1043 1131 1158 1190 medici
1194 1149 1195 1152 ¹

141 1215 309 1294 appeliant,
331 1232 435 1292 magna
460 1233 529 1275 cura
555 1235 628 1294 opus
652 1226 713 1292 est,
736 1233 772 1275 ne
787 1214 816 1275 id
831 1215 922 1274 fallat.
953 1214 1053 1274 Habet
1077 1217 1158 1274 enim
1194 1233 1195 1264 t

141 1301 312 1378 pierumque
333 1298 502 1377 frequentes
527 1303 715 1360 accessiones
737 1300 1002 1379 decessionesque,
1018 1300 1157 1377 porrigi-

140 1394 244 1463 turque
264 1382 355 1442 febris
370 1385 445 1443 inter
460 1383 548 1444 horas
566 1385 667 1462 viginti
683 1393 821 1464 quatmr,
838 1392 868 1442 et
885 1385 1001 1460 triginta
1019 1375 1096 1453 serm
1117 1392 1177 1458 utu

141 1465 219 1546 quod
231 1467 305 1528 idem
315 1468 383 1544 est,
395 1485 454 1526 non
471 1467 544 1528 idem
559 1486 627 1528 esse
637 1467 778 1528 videatur.
801 1467 1028 1545 litmagnopere
1045 1485 1156 1528 neces

141 1553 246 1612 sarium
266 1561 329 1627 est,
348 1567 444 1629 neque
463 1552 525 1611 dari
547 1553 657 1628 cibum,
677 1553 733 1610 nisi
755 1554 782 1612 iu
806 1569 840 1611 aa
861 1553 1048 1627 remissione,
1077 1569 1156 1629 quae

140 1653 211 1695 vera
232 1645 291 1704 est;
312 1645 341 1695 et
363 1635 410 1694 ubi
432 1653 466 1696 ea
483 1639 578 1713 venit,
599 1638 731 1715 protinus
745 1636 822 1696 dari:
846 1635 1018 1713 plurimique
1034 1634 1096 1694 sub
1113 1636 1154 1696 al·

140 1729 250 1779 terutro
267 1721 393 1779 curantis
408 1736 509 1779 errore
524 1721 620 1780 subito
635 1722 802 1780 moriuntur.
825 1719 881 1793 Ac,
896 1720 949 1778 nisi
966 1735 1153 1798 magnopere

141 1803 237 1881 aliqua
253 1815 302 1863 res
318 1801 471 1882 prohibet,
489 1805 563 1863 inter
578 1805 655 1863 initia
671 1806 787 1882 sanguis
804 1806 875 1863 mitti
888 1802 991 1872 doben
1007 1812 1069 1861 tum
1089 1804 1152 1863 dari
1162 1821 1179 1858 u

141 1886 241 1963 cibus,
264 1889 312 1965 qui
333 1905 427 1965 neque
442 1888 541 1947 incitet
556 1887 683 1964 febrem,
709 1898 738 1948 et
754 1897 848 1949 tamen
864 1888 981 1964 longum
998 1888 1065 1962 ejus
1084 1907 1151 1967 spa-

140 1973 210 2032 tium
226 1972 374 2032 sustineat.

493 2211 693 2273 CAPUT
734 2213 797 2272 IX.
881 2201 886 2208 ’

457 2329 556 2380 Curatio
573 2331 695 2380 lentarum
710 2329 827 2381 febrium.

200 2481 418 2559 Nonnumquam
445 2483 529 2539 etiam
559 2481 655 2540 lentae
677 2481 776 2540 febres
806 2481 868 2540 sine
889 2480 948 2540 ulla
972 2481 1176 2540 remissiones

139 2580 249 2640 corpus
264 2572 377 2630 tenent;
401 2581 436 2621 ao
450 2581 548 2639 neque
563 2564 646 2639 cibo,
669 2580 763 2641 neque
778 2564 828 2623 uili
845 2564 973 2624 remedio
989 2565 1074 2624 iocus
1090 2575 1146 2625 est.

138 2646 171 2705 ln
193 2645 249 2705 hoo
273 2663 342 2704 casu
357 2646 461 2704 medici
479 2663 548 2704 cura
565 2665 631 2704 esse
647 2647 749 2724 debet,
769 2657 797 2708 ut
815 2649 945 2709 morbum
960 2657 1066 2709 mutet:
1086 2649 1146 2707 ior-

34 2741 36 2745 “
138 2739 218 2790 tasse
241 2731 315 2788 enim
340 2731 480 2788 curationi
500 2732 694 2806 opportunior
710 2733 767 2792 fret.
799 2733 895 2812 Saepe
911 2734 999 2810 igitur
1016 2751 1052 2791 ex
1071 2751 1146 2811 aqum

139 2812 261 2890 frigida,
283 2814 327 2871 cui
350 2812 446 2872 oleum
466 2814 503 2871 sit
517 2812 676 2891 adjectum,
697 2833 803 2895 corpus
823 2818 886 2892 ejus
908 2817 1145 2895 pertractandum

140 2907 200 2971 est,
224 2898 356 2976 quomam
372 2896 513 2955 interdum
532 2899 574 2956 sic
591 2902 706 2974 evenit,
723 2909 762 2960 ‘ut
776 2901 881 2960 horror
898 2901 1022 2977 oriatur,
1047 2910 1078 2959 et
1094 2901 1174 2959 tiata

137 2983 246 3040 initium
262 2980 407 3058 quoddam
423 2983 489 3040 novi
507 2989 615 3048 motus:
632 3001 728 3062 exque
744 3003 796 3058 eo,
814 3001 897 3062 quum
923 2986 1016 3062 magis
1034 3001 1145 3062 corpus

41 3087 43 3092 ·
137 3065 270 3140 incaluit,
295 3074 431 3144 sequatur
452 3068 536 3125 etiam
560 3069 700 3128 remissio.
729 3067 760 3126 ln
782 3069 826 3126 his
845 3069 942 3128 frictio
967 3085 1086 3146 quoque
1107 3086 1144 3126 ex

138 3148 206 3207 oleo
227 3157 257 3206 et
276 3149 338 3209 saie
354 3147 477 3209 salubris
493 3150 615 3210 videtur.
636 3152 674 3211 Αι
690 3153 713 3210 si
733 3151 778 3211 diu
795 3152 887 3228 frigus
902 3162 961 3229 est,
979 3161 1008 3212 et
1027 3162 1142 3232 torpor,

138 3241 168 3290 ct
179 3233 300 3306 jactatio
317 3236 466 3312 corporis,
483 3251 540 3293 non
553 3236 674 3295 alienum
691 3247 735 3295 est
751 3237 779 3294 in
795 3237 858 3314 ipsa
873 3236 956 3296 febre
972 3236 1042 3300 dare
1057 3235 1143 3296 mulsi

137 3324 198 3375 tres
216 3326 264 3376 aut
279 3327 401 3395 quatuor
419 3317 554 3394 cyathos,
579 3319 627 3378 vei
643 3339 705 3379 cum
728 3319 793 3379 cibo
809 3321 903 3379 viuum
919 3319 994 3379 bene
1010 3319 1171 3379 dilutumao

137 3399 295 3460 intenditur
315 3403 389 3460 enim
411 3419 499 3480 saepe
521 3421 558 3461 ex
575 3421 611 3462 eo
626 3403 730 3471 febris;
754 3413 783 3462 et
796 3405 890 3479 major
905 3413 985 3462 ortus
1007 3405 1091 3463 eaior
1106 3405 1141 3462 si·

138 3485 195 3544 muf
214 3495 242 3544 et
259 3487 356 3564 priora
376 3485 450 3544 maia
472 3485 561 3561 tollit,
584 3495 614 3545 et
627 3504 709 3564 spem
724 3488 918 3563 remissionis,
936 3490 1023 3565 inque
1039 3506 1074 3547 ea
1092 3505 1139 3547 cu·
