2384 3896
123 151 181 214 156
411 162 445 212 a.
462 160 490 210 c.
507 160 607 212 ceusu
621 159 817 210 uuercruun

121 327 168 378 aut
192 335 255 377 cunr
276 314 440 376 hordeacea
462 315 569 393 farina,
599 326 646 376 aut
671 334 736 392 cunr
760 317 815 376 ficu
837 333 875 376 ex
895 331 972 392 aqua
991 313 1123 374 decocta

120 404 224 460 mixtus
248 401 385 479 capparis
409 409 512 460 cortex
534 402 683 468 concisum
717 399 764 460 vel
787 398 848 460 lolii
869 398 961 460 farina
985 416 1029 458 ex
1053 399 1124 456 vino

121 485 210 545 diluto
235 494 335 560 cocta,
358 492 387 544 ει
408 485 494 544 mixta
520 501 583 543 eum
602 483 679 544 arida
697 484 794 544 faece:
818 501 891 562 quae
907 483 973 564 quia
989 481 1126 556 refrige

122 578 211 645 scunt,
227 570 375 645 imponere
387 577 473 628 noctu
484 567 655 644 malagmata
668 567 844 628 commodius
856 576 910 626 est.
931 565 1040 627 Inulae
1054 582 1127 643 quo·

122 671 177 732 que
199 651 280 712 radix
304 661 440 727 contusa,
462 660 491 711 et
505 669 543 711 ex
557 654 624 711 vino
642 660 757 710 austero
772 657 874 729 postea
889 659 989 726 cocta,
1015 659 1050 708 ει
1068 649 1146 707 lates

35 769 43 777 ι
122 753 209 814 super
224 753 326 796 coxam
341 737 490 813 imposita,
513 737 588 795 inter
602 735 795 796 valentissima
811 734 914 794 auxilia
928 742 983 794 est.
1021 734 1058 792 Si
1072 735 1127 792 ista

121 837 179 880 non
195 819 359 902 solverunt,
376 818 437 879 sale
453 818 546 878 calido
563 828 591 878 et
604 818 719 878 humido
735 818 868 878 utendum
884 827 937 878 est
972 818 1003 876 Si
1022 835 1066 877 ne
1085 817 1128 875 sic

123 902 236 982 quidern
261 904 355 962 finitus
377 903 461 963 dolor
481 911 541 978 est,
564 912 612 963 aut
631 912 724 962 tumor
741 904 770 962 ei
793 901 921 978 accedit,
942 902 1041 961 incisa
1059 908 1128 960 cute

122 985 318 1046 admovendae
339 995 403 1045 sunt
425 986 636 1053 cucurbitulae;
664 985 806 1046 mouenda
830 987 927 1054 urina;
961 984 1072 1059 alvus,
1104 984 1128 1044 si

123 1086 292 1148 compressa
308 1078 367 1143 εει,
387 1070 526 1130 ducenda.
561 1071 695 1132 Ultimum
711 1078 770 1145 est,
794 1077 822 1128 et
840 1071 868 1127 in
882 1067 1036 1128 veteribus
1055 1081 1158 1146 quo-u

124 1171 179 1230 que
201 1151 308 1210 morbis
331 1153 577 1230 efficacissimum,
605 1155 695 1214 tribus
716 1161 763 1212 aut
788 1152 1002 1231 quatuor'locis
1032 1169 1130 1229 super

123 1251 246 1310 coxam,
283 1244 391 1295 cutemv
408 1237 596 1297 candentibus
623 1237 804 1296 ferramentis
830 1235 1011 1296 exulcerare.
1067 1234 1131 1295 Sed

122 1319 256 1378 frictione
274 1337 389 1398 quoque
404 1321 536 1381 utendum
553 1329 614 1395 cst,
630 1322 751 1380 maxime
768 1320 890 1394 incole,
908 1328 936 1378 et
950 1317 1064 1378 codem
1081 1319 1130 1378 die

123 1403 255 1481 saepius;
288 1421 347 1482 quo
369 1404 482 1464 facilius
504 1422 557 1480 ea,
583 1423 658 1483 quae
681 1403 811 1464 coeundo
833 1411 1008 1479 nocuerunt„
1043 1403 1129 1480 dige-

122 1495 233 1546 rantur:
257 1505 366 1565 eaque,
390 1488 414 1547 si
436 1487 512 1549 nulla
536 1487 714 1548 exulceratio
737 1498 799 1563 est,
821 1489 905 1547 ctiam
925 1488 996 1564 ipsis
1018 1487 1158 1555 contient

123 1571 146 1628 si
170 1579 230 1642 est,
260 1572 367 1630 ceteris
388 1571 516 1649 partibus
535 1571 696 1631 adhibenda
720 1581 774 1630 est.
819 1570 912 1644 Quum
933 1587 1003 1628 vero
1028 1587 1131 1649 saepe

123 1652 230 1730 aliquid
255 1654 477 1714 exulcerandum
503 1655 634 1715 candenti
661 1654 835 1715 ferramento
861 1657 913 1728 sit,
944 1661 974 1712 ut
997 1657 1130 1714 materia

122 1735 229 1794 inutilis
253 1745 406 1812 evocetur,
430 1737 499 1797 illud
520 1748 690 1816 perpetuum
713 1747 772 1815 est,
795 1755 853 1797 non
875 1747 905 1797 ut
920 1739 1046 1817 primum
1064 1733 1130 1798 fieri

55 1829 59 1838 ’
123 1826 236 1896 potest,
261 1817 343 1894 hujus
359 1823 476 1897 generis
494 1821 592 1882 ulcera
607 1841 725 1892 sanare;
749 1822 800 1882 sed
819 1822 999 1900 retrahere,
1022 1821 1131 1884 donee

123 1900 150 1959 id
167 1901 280 1979 vitium,
300 1904 344 1963 cui
359 1922 413 1985 per
426 1903 499 1966 haec
514 1906 699 1986 opitulemur,
718 1908 914 1985 conquiescat.
930 1937 935 1945 ·
1136 1917 1157 1958 2⁰

375 2105 556 2170 carun
591 2109 710 2168 xxx
733 2105 864 2188 [xxrup

481 2225 518 2276 De
534 2225 647 2276 Genuum
662 2227 757 2278 dolore.

185 2356 274 2418 Coxis
295 2362 425 2438 proxima
442 2379 536 2440 genua
557 2371 635 2439 sunt,
659 2364 687 2422 in
704 2363 806 2442 quibus
822 2363 893 2441 ipsis
909 2377 1128 2439 nonnumquam

124 2439 209 2498 dolor
231 2461 298 2530 esse
320 2447 479 2506 consuevit.
510 2445 542 2506 ln
557 2447 657 2506 iisdem
673 2457 765 2507 autem
782 2445 996 2524 cataplasmatis
1015 2464 1124 2505 cueur-

123 2521 278 2602 hitulisque
305 2530 477 2605 praesidium
504 2539 568 2590 eat:
603 2533 676 2590 sicut
700 2533 784 2592 etiam
811 2549 896 2609 quum
921 2531 949 2588 in
977 2528 1155 2606 numeriam

124 2605 225 2665 aliisve
247 2611 439 2670 commissuris
463 2612 547 2673 dolor
568 2614 670 2692 aliquis
692 2623 810 2674 exortus
833 2624 888 2675 est.
924 2613 1069 2691 Equitare
1086 2615 1125 2688 ei,

124 2691 169 2748 cui
190 2707 283 2766 genua
300 2691 412 2771 dolent,
434 2696 655 2757 inimicissimum
670 2701 791 2758 omnium
809 2707 861 2757 est.
900 2697 1005 2756 Omnes
1024 2705 1126 2757 autern

123 2773 266 2917 Ejusmodi
292 2776 424 2856 dolores,
455 2778 501 2838 uhi
527 2782 774 2860 inveteraverunt,
803 2782 852 2842 vix
878 2782 950 2842 citra
975 2781 1124 2840 ustionem

144 2867 264 2924 uruntur.

348 2993 547 3058 onruu
584 2994 885 3076 xxxrpuum
926 2955 931 2964 ’
1131 3023 1153 3064 a

301 3112 338 3162 De
355 3127 489 3176 manuum,
507 3115 614 3181 pedum,
634 3117 845 3180 articulorumque
862 3115 938 3166 vitiis.

185 3246 218 3307 ln
243 3247 372 3306 manibus
399 3249 578 3330 pedibusque
612 3251 797 3313 articulorum
823 3227 891 3312 uitia
915 3250 1119 3329 frequentiora
1182 3253 1186 3263 '

124 3330 316 3409 longioraque
333 3341 412 3401 sunt;
430 3353 503 3413 quae
518 3335 545 3393 in
563 3335 701 3413 podagris
717 3335 896 3412 chiragrisve
911 3352 979 3394 esse
996 3351 1119 3394 consue·

123 3424 196 3475 runt.
219 3415 262 3476 Ea
277 3431 344 3476 raro
361 3415 409 3476 rel
425 3425 583 3512 castratos,
599 3418 647 3478 vel
663 3435 770 3497 pueros
784 3429 851 3480 ante
864 3419 989 3478 feminae
1002 3418 1120 3494 coitum,
