2392 3906
131 173 172 236 48
426 183 459 232 a.
476 182 506 232 o.
523 181 623 232 causi
637 180 830 230 uantomns

131 341 174 401 sio
192 347 221 400 ut
243 337 418 399 exteriorem
436 355 552 418 quoque
573 347 666 398 entem
688 336 874 398 decolorent:
896 351 935 395 ex
956 333 994 394 iis
1011 331 1135 408 deinde,

130 425 245 504 quaein
257 424 432 483 exteriorem
444 433 554 501 partem
570 430 770 501 prorumpunt,
782 438 856 499 quae
867 420 1029 492 maximae,
1043 435 1137 496 quae-

131 526 187 586 que
203 507 387 586 planissimae
399 515 471 566 sunt
489 507 543 586 (oi.
562 524 591 584 p.
610 506 670 582 45,
691 505 710 564 Ι.
726 505 774 582 2).
805 502 890 577 Quod
911 504 954 579 si,
985 520 1023 561 ne
1047 509 1139 579 rupta

130 591 246 672 quidem
260 593 389 666 vomica,
406 590 455 650 vel
471 607 543 669 pure
559 591 741 649 extrinsecus
756 589 880 663 emisso,
895 586 989 649 febris
1006 586 1139 664 quievit,

130 684 178 736 aut
195 676 323 754 quamvis
340 675 497 754 quieverit,
513 683 608 733 tamen
623 675 744 752 repetit;
759 675 826 732 item
842 672 867 731 si
880 671 940 731 sitis
957 679 1013 746 est,
1034 671 1063 728 si
1080 668 1163 728 cibis

129 761 290 836 fastidium,
313 759 337 819 si
351 767 453 818 venter
467 757 607 836 liquidus,
630 757 654 816 si
671 774 725 835 pos
742 765 788 817 est
803 755 917 816 lividum
933 763 962 814 et
980 753 1142 832 pallidum,

131 847 155 904 si
176 843 245 904 nihil
266 861 356 921 aeger
378 851 497 902 excreat
518 842 572 901 nisi
594 842 723 920 pituitam
744 848 937 918 spumantem,
966 838 1143 918 periculum

131 937 240 989 eertum
256 937 310 988 eat.
342 926 438 1005 Atque
449 943 487 984 ex
502 926 536 985 iis
552 926 668 1004 quidem
686 923 956 1003 suppurationibus,
978 939 1060 1000 quas
1075 921 1143 1000 pul·

130 1030 244 1072 monum
260 1010 352 1070 morbi
371 1010 562 1082 concitarunt,
582 1010 646 1069 iero
663 1027 751 1069 aenos
768 1009 940 1068 moriuntur:
964 1023 1003 1065 ex
1022 1007 1145 1066 ceteris

120 1096 259 1176 juniores
274 1094 329 1171 (cl.
343 1092 456 1172 Propo.
473 1094 494 1170 §
511 1093 576 1172 15).
605 1093 644 1154 At
657 1096 686 1153 in
702 1091 770 1152 tabe
784 1102 898 1170 sputum
912 1092 1032 1150 mixtum
1048 1108 1142 1169 purn-
1152 1111 1170 1149 u

131 1181 249 1253 lentum,
265 1176 355 1237 iebris
372 1177 498 1252 assidua,
514 1195 588 1257 quae
604 1187 634 1238 et
648 1176 704 1237 eibi
720 1186 852 1254 tempora
867 1176 963 1254 eripit,
980 1183 1009 1233 et
1027 1175 1085 1234 siti
1102 1175 1143 1235 ai·

131 1261 217 1338 iligit,
232 1263 260 1321 in
275 1277 402 1338 corpore
421 1263 498 1322 tenui
515 1261 675 1339 periculum
692 1260 815 1320 subesse
832 1267 982 1320 testantur.
1010 1258 1049 1318 Si
1062 1260 1144 1337 'quia

131 1347 216 1405 etiam
231 1347 259 1405 iu
274 1363 310 1405 eo
327 1345 430 1404 morbo
449 1346 552 1405 diutius
563 1347 660 1420 traxit,
676 1343 725 1404 ubi
743 1344 843 1422 capilli
857 1343 946 1404 fluunt
968 1341 1026 1421 (ol.
1057 1341 1144 1422 Aple.

130 1429 173 1503 V,
193 1427 244 1498 12;
267 1427 363 1490 Coae.
386 1428 481 1508 428);
500 1429 548 1489 nbi
564 1429 644 1489 urina
660 1428 800 1506 quaedam
815 1430 929 1488 araneis
945 1425 1058 1486 similia
1075 1427 1145 1487 sub·

131 1512 253 1573 sidentia
264 1514 399 1589 ostendit,
415 1521 501 1592 atque
512 1513 541 1572 in
556 1515 647 1592 sputis
662 1513 737 1574 odor
752 1511 858 1572 foedus
874 1520 932 1580 est;
948 1510 1171 1591 maximequeu

131 1596 179 1656 ubi
201 1597 358 1675 posthaec
376 1606 439 1657 orta
458 1597 584 1673 dejectio
603 1607 659 1674 est,
678 1597 806 1676 protinus
827 1597 962 1655 moritur:
985 1594 1099 1674 utique
1122 1596 1145 1654 si

130 1690 243 1761 tempus
262 1682 385 1741 autumni
403 1689 463 1756 est,
481 1697 538 1759 quo
555 1681 635 1755 iere,
660 1683 709 1760 qui
725 1689 824 1740 cetera
840 1688 924 1759 parte
946 1679 1012 1740 anni
1038 1688 1144 1740 traxe·

131 1774 211 1841 runt,
231 1763 416 1824 resolvuntur
437 1764 491 1844 (ol.
513 1762 592 1842 Aple.
610 1763 667 1840 ΙΙΙ,
693 1764 759 1843 10).
787 1763 858 1823 ltem
873 1781 928 1842 pus
949 1763 1102 1839 expuisse
1119 1767 1144 1822 in

131 1849 188 1909 boo
203 1847 320 1925 morbo,
343 1848 446 1909 deinde
462 1865 499 1907 ex
513 1856 575 1908 toto
595 1866 702 1926 spuere
726 1848 867 1923 desiisse,
889 1846 1077 1907 mortiferum
1098 1857 1145 1908 est

131 1931 226 2012 (Aple.
243 1931 308 2007 vil,
329 1932 394 2010 16).
431 1933 515 1992 Solet
534 1934 619 1992 etiam
630 1933 657 1990 iu
675 1932 909 1992 adolescentibus
924 1931 948 1990 is
963 1929 1094 1992 morbus
1109 1951 1171 1996 exa

116 2018 243 2076 'uomica
259 2015 391 2076 fistulave
405 2017 487 2076 oriri:
505 2019 552 2094 qui
564 2034 622 2076 oon
634 2017 721 2076 iacile
741 2023 912 2091 sanescunt,
929 2015 982 2074 nisi
999 2015 1023 2074 si
1050 2017 1146 2076 multa

131 2103 214 2178 sigua
238 2100 332 2161 bonae
355 2101 527 2162 valetudinis
550 2101 727 2179 subsequuta
748 2109 822 2160 sunt.
849 2099 894 2160 Ex
917 2099 1042 2177 reliquis
1068 2118 1144 2160 vero

131 2187 245 2246 minime
265 2183 353 2245 iacilc
377 2194 512 2246 sanantur
533 2186 677 2263 virgines,
700 2195 747 2246 aut
771 2201 825 2245 eae
846 2183 998 2257 mulieres,
1029 2184 1145 2260 quibus

131 2287 220 2349 super
234 2269 330 2330 tabem
346 2279 491 2331 menstrua
506 2287 664 2348 suppressa
679 2278 743 2329 sunt
759 2267 903 2349 (Prorrlt.
920 2266 998 2342 11‚§
1015 2267 1071 2344 7).
1086 2266 1145 2328 Oui

130 2372 202 2414 vero
225 2371 296 2415 sano
320 2354 431 2414 subitus
451 2353 536 2414 dolor
557 2355 659 2432 eapitis
678 2363 758 2416 ortus
775 2359 836 2426 est,
858 2351 923 2412 dein
943 2367 1067 2410 somnus
1085 2370 1140 2431 op·
1152 2375 1171 2414 a

133 2439 308 2515 pressitsio
322 2447 352 2496 ut
367 2447 483 2514 stertat,
505 2455 600 2517 neque
623 2437 860 2514 expergiscatur,
884 2437 956 2495 intra
978 2437 1144 2511 septimum
1194 2441 1195 2448 ’

133 2521 209 2578 diem
231 2520 409 2596 pereundum
431 2529 476 2580 est
497 2518 592 2597 (Apb.
609 2519 665 2595 Vl,
688 2519 761 2596 51);
783 2519 874 2595 magis
896 2520 938 2594 si,
964 2536 1026 2578 outo
1054 2521 1144 2580 alnus

133 2603 190 2662 oita
205 2619 262 2660 non
277 2604 483 2678 antecesserit,
504 2601 665 2680 palpebrae
681 2602 847 2662 dormientis
862 2619 920 2662 non
936 2611 1063 2678 coeunt,
1088 2603 1144 2664 sed

132 2685 226 2745 album
244 2685 392 2745 oculorum
412 2695 535 2763 apparet
557 2684 611 2764 (oi.
628 2684 741 2765 Propo.
757 2686 779 2762 ς
794 2687 839 2763 2).
875 2685 956 2760 Quos
976 2695 1080 2747 tamen
1103 2689 1143 2748 ita

132 2785 210 2828 mors
231 2769 377 2846 sequitur,
405 2770 429 2827 si
449 2767 477 2826 id
498 2768 602 2828 malum
623 2787 680 2828 non
703 2779 750 2844 est
770 2771 853 2831 iebre
874 2770 1047 2830 discussum.
1103 2772 1174 2832 Atat

132 2871 207 2932 aqna
218 2853 293 2912 inter
305 2860 416 2928 cotem,
432 2851 456 2910 si
468 2870 505 2912 ex
519 2861 604 2912 acuto
617 2853 719 2914 morbo
731 2856 838 2933 coepit,
854 2854 890 2915 ad
903 2854 1056 2914 sanitatem
1069 2873 1142 2916 raro

132 2936 312 3015 perducitur:
337 2936 434 3015 utique
457 2937 482 2996 si
508 2940 650 2996 contraria
671 2939 724 3015 iis,
746 2955 821 3018 quae
841 2939 1040 3016 supraposita
1059 2950 1140 3015 sunt,

134 3019 354 3098 subsequuntur.
387 3020 491 3099 Aeque
505 3022 534 3080 io
555 3039 590 3081 ea
611 3038 727 3102 quoque
741 3024 828 3083 tussis
843 3039 925 3100 spem
940 3021 1015 3083 tollit
1031 3021 1138 3102 (Apb.

132 3102 188 3179 Vl,
209 3105 247 3166 35
271 3113 300 3164 et
323 3103 486 3181 v11‚47):
508 3107 592 3180 item,
618 3106 642 3164 si
665 3107 782 3183 sanguis
803 3123 913 3166 sursum
935 3105 1139 3186 deorsumque

134 3189 244 3265 erupit,
264 3196 293 3248 et
307 3205 381 3268 aqua
395 3189 518 3266 medium
534 3207 639 3266 corpus
664 3191 801 3269 implevit.
845 3188 1022 3263 Quibusdam
1043 3193 1171 3251 etiamne

133 3272 161 3330 io
188 3272 245 3331 hoo
272 3273 374 3332 morbo
401 3282 529 3333 tumores
555 3275 693 3348 oriuntur,
720 3273 823 3334 deiude
849 3272 997 3347 desinunt,
1024 3273 1137 3335 deiude

133 3373 231 3415 rursus
249 3363 410 3433 assurgunt.
456 3357 491 3416 lli
509 3359 630 3416 tutiores
649 3357 763 3435 quidem
784 3365 859 3432 sunt,
882 3373 965 3434 quam
978 3358 1027 3434 qui
1042 3375 1136 3438 supra

134 3440 334 3519 comprehensi
346 3449 426 3515 sunt,
441 3442 465 3501 si
479 3441 640 3509 attendunt;
658 3440 711 3500 sed
725 3441 787 3502 lere
799 3440 902 3502 liduoia
918 3440 1068 3504 secundae
1084 3460 1134 3502 va·
