2372 3892
413 171 744 221 mmmm·
996 161 1051 226 w

44 331 87 384 et
105 325 187 384 inter
204 341 236 384 se
251 327 364 386 tunicae
385 324 570 401 glutinantur.
604 329 732 403 Rursus,
756 327 780 386 si
798 336 880 388 aetas
901 333 1056 408 processit,

43 408 241 487 multumque
256 411 381 469 intestini
395 409 582 472 descendisse
595 429 632 471 ex
647 421 757 470 tumore
775 429 879 488 magno
895 421 987 490 patet,
1008 413 1055 472 ad-

38 491 259 572 jiciunturque
273 493 357 554 dolor
373 503 401 552 et
413 495 548 561 vomitus:
580 514 655 574 quae
670 513 708 554 ex
730 504 878 572 stercore,
900 515 937 556 ex
962 495 1054 557 crudi-

45 583 123 636 tate
141 593 180 636 eo
195 575 333 656 delapso,
349 578 412 637 lere
424 578 574 656 accidunt,
591 579 761 658 scalpellum
777 579 906 639 adhiberi
919 582 1054 659 sineper·

13 678 30 718 a
47 659 141 718 nicie
164 676 221 720 non
238 678 328 738 posse
343 661 522 721 manifestum
537 670 597 724 est:
623 662 772 723 levandum
788 664 980 724 tantummodo
998 681 1055 724 rna·

49 743 140 817 lum,
154 752 185 802 et
199 761 252 822 per
267 744 338 804 alias
354 747 517 806 curationes
533 746 736 806 extrahendum
753 756 806 805 est.
839 748 962 824 Sanguis
985 748 1055 806 mitti

50 845 99 886 ex
116 825 238 887 brachio
255 827 356 888 debet:
379 828 499 904 deinde,
518 831 543 888 si
559 832 637 888 vires
653 832 808 906 patiuntur,
826 831 990 910 imperanda
1006 833 1054 891 tri·

51 911 111 970 dui
132 910 304 972 abstinentia
328 921 386 981 est;
417 912 441 970 si
462 913 569 989 minus,
593 923 674 972 certe
694 931 748 992 pro
769 917 797 972 vi
816 916 949 994 corporis
972 931 1055 993 quarn

51 993 244 1071 longissima.
262 994 374 1056 Eodem
390 1005 605 1075 verostempore
620 997 868 1075 superhabendum
881 999 1055 1077 cataplasma

4 1092 39 1136 ao
53 1095 101 1137 ex
117 1078 168 1137 lini
183 1079 309 1155 semine,
331 1078 407 1158 quod
422 1087 486 1139 ante
502 1081 604 1158 aliquis
626 1099 663 1140 ex
682 1081 773 1140 mulso
796 1080 956 1140 decoxerit.
987 1081 1055 1141 Post

50 1161 155 1237 haec,
171 1171 202 1222 et
215 1163 306 1223 iarina
320 1163 484 1223 hordeacea
501 1181 563 1223 curn
580 1165 675 1224 resina
691 1166 858 1241 injicienda;
875 1173 904 1224 et
918 1167 943 1223 is
956 1165 1054 1224 demit·

50 1244 168 1306 tendus
183 1248 210 1306 in
226 1247 330 1306 solium
344 1265 437 1326 aquae
454 1247 584 1324 calidae,
606 1249 650 1308 cui
668 1247 762 1307 oleum
781 1265 898 1327 quoque
914 1248 1055 1325 adjectum
1167 1295 1173 1300 .

53 1331 116 1398 sit;
140 1329 319 1410 dandumque
335 1330 442 1409 aliquid
458 1331 514 1390 cibi
529 1332 619 1405 levis,
637 1330 731 1390 calidi.
764 1331 883 1406 Quidam
908 1333 992 1391 etiarn
1015 1331 1054 1391 al·

52 1413 261 1500 vumxduount.
287 1414 320 1474 ld
335 1414 481 1475 deducere
498 1415 604 1492 aliquid
619 1416 646 1472 in
661 1423 786 1474 scrotum
801 1423 913 1493 potest,
929 1414 1055 1474 educere

12 1512 43 1554 sn
55 1515 103 1558 ex
120 1514 158 1557 eo
173 1515 229 1558 non
246 1507 354 1577 potest.
387 1498 444 1558 Per
459 1516 494 1558 ea
508 1516 598 1573 vero,
615 1515 687 1576 qnae
703 1517 788 1577 supra
804 1500 911 1578 scripta
927 1505 998 1574 sunt,
1014 1499 1054 1556 le·

52 1589 133 1642 vato
149 1581 240 1659 malo,
260 1583 284 1641 si
300 1582 413 1660 quando
427 1581 498 1642 alias
514 1581 598 1641 dolor
614 1585 781 1656 reverterit,
801 1583 901 1642 eadem
917 1591 998 1641 erunt
1013 1582 1054 1641 ia·

55 1665 178 1726 cienda.
210 1667 278 1726 Sine
295 1665 399 1726 dolore
412 1684 528 1745 qunque
543 1666 665 1726 simulta
680 1667 813 1726 intestina
827 1666 964 1744 prolapsa
981 1675 1055 1742 sunt,

56 1750 160 1810 secari
177 1767 387 1830 superuacuum
403 1759 463 1810 est:
487 1766 544 1809 non
560 1769 616 1828 quo
637 1749 750 1810 excludi
766 1769 782 1810 a
799 1757 897 1810 scroto
912 1767 970 1808 non
986 1766 1054 1826 pos·

57 1833 137 1899 siut:
160 1834 214 1892 nisi
229 1835 367 1894 tamen'id
386 1834 567 1894 inflammatio
583 1833 744 1912 prohibuit;
767 1833 818 1892 sed
842 1833 917 1911 quod
939 1832 1055 1912 repulsa

14 1937 46 1978 ao
58 1917 230 1994 inguinibus
249 1918 451 1992 immorentur,
473 1917 571 1996 ibique
583 1927 722 1994 tumorem
744 1919 888 1993 excitent,
912 1927 996 1996 atque
1017 1919 1055 1976 ita

59 2002 116 2062 liat
137 2001 205 2062 mali
225 2020 283 2062 nnn
306 2003 384 2077 irnis,
408 2001 459 2062 sed
475 2003 602 2062 mutatio.
635 2001 674 2060 At
690 2002 718 2059 in
734 2018 786 2076 eo,
811 2019 895 2078 quern
912 2001 1055 2078 scalpello

60 2085 160 2146 curari
175 2085 341 2164 oportebit,
364 2085 548 2164 simulatque
568 2086 603 2145 ad
624 2084 745 2144 mediam
766 2087 887 2142 tunicam
908 2085 1011 2142 vulnus
1028 2086 1055 2140 in

60 2169 183 2245 inguine
203 2169 311 2230 iactum
328 2173 509 2248 pervenerit,
538 2168 648 2229 duobus
671 2166 791 2227 hamulis
813 2184 848 2226 ea
866 2168 949 2240 juxta
976 2168 1056 2244 ipsas

61 2269 135 2313 oras
149 2253 328 2333 apprehendi
343 2253 475 2328 debebit,
496 2252 561 2313 dum
576 2253 697 2318 diductis
711 2249 841 2311 omnibus
856 2249 1056 2309 membranulis

19 2335 196 2406 mmcdicus
222 2355 286 2396 eam
311 2339 425 2398 liberet.
459 2336 560 2414 Neque
587 2337 660 2396 eninr
685 2353 747 2395 curn
772 2334 902 2414 periculo
923 2333 1055 2408 laeditur,
1162 2384 1166 2397 ,

62 2437 143 2500 quae
163 2420 324 2482 excidenda
346 2431 405 2492 est;
430 2438 513 2498 quum
535 2421 695 2480 intestinum
718 2436 784 2478 esse
807 2418 862 2476 nisi
882 2417 934 2478 suh
951 2434 1056 2476 aaaron

61 2505 170 2584 possit.
201 2502 256 2564 Ubi
271 2505 387 2565 diducta
403 2513 495 2564 autem
510 2505 577 2580 erit,
595 2503 630 2563 ab
646 2504 761 2579 inguine
784 2519 874 2580 usque
890 2501 924 2561 ad
940 2501 1055 2561 testicu-

63 2589 125 2648 lum
138 2587 223 2648 inoidi
240 2587 359 2648 debebit
373 2590 432 2664 sic,
447 2605 483 2648 ne
499 2589 524 2646 is
539 2588 603 2665 ipse
620 2587 764 2655 laedatur;
784 2595 841 2645 turn
858 2584 961 2645 excidi.
982 2585 1057 2644 llere

62 2682 160 2732 tamen
184 2671 258 2731 hanc
285 2674 462 2732 curationem
483 2671 603 2750 puerilis
625 2681 719 2746 aetas,
742 2679 771 2729 et
793 2669 936 2730 modicum
954 2669 1057 2730 malurn

4 2805 7 2810 -
25 2755 180 2832 aureeipit.
211 2756 243 2815 Si
258 2759 303 2815 vir
317 2755 452 2815 robustus
468 2764 527 2833 est,
542 2756 691 2834 majusque
706 2754 734 2813 id
755 2755 852 2814 vitium
867 2763 927 2828 est,
945 2751 1056 2812 extrahi

64 2838 216 2900 testiculus
239 2857 298 2900 non
319 2839 421 2916 debet,
449 2839 501 2900 sed
522 2840 550 2898 in
569 2857 618 2899 sua
643 2838 714 2898 sede
735 2854 914 2915 permanere.
949 2835 980 2894 ld
1000 2834 1057 2891 hoc

65 2922 153 2982 modo
174 2922 212 2982 lit.
248 2922 359 2999 Inguen
380 2923 480 2983 eadem
502 2925 614 2983 ratione
634 2938 724 2998 usque
748 2921 781 2980 ad
799 2918 919 2977 mediam
934 2917 1055 2977 tunicam

68 3006 210 3084 scalpello
229 3007 371 3086 aperitur;
389 3023 482 3085 eaque
501 3008 596 3066 tunica
616 3003 718 3064 endem
730 3003 816 3062 modo
832 3001 942 3060 duobus
965 2999 1055 3060 hamis

68 3091 210 3168 excipitur
226 3091 279 3164 sic,
297 3100 326 3150 ut
341 3109 358 3151 a
373 3091 501 3150 ministro
517 3089 665 3149 testiculus
681 3094 797 3146 eatenus
813 3087 1003 3161 contineatur,
1020 3103 1056 3144 ne
1091 3105 1093 3108 ·

30 3196 58 3238 aa
71 3193 125 3254 per
138 3173 238 3232 vulnus
254 3183 355 3234 exeat:
385 3184 442 3234 turn
464 3191 498 3233 ea
515 3175 610 3233 tunica
634 3172 767 3231 deorsum
788 3187 891 3228 versus
912 3169 1055 3248 scalpello

67 3257 215 3326 inciditur;
238 3257 291 3316 suh
308 3275 399 3335 eaque
417 3256 503 3317 index
517 3256 623 3333 digitus
640 3257 772 3314 sinistrae
794 3271 892 3313 manus
916 3254 951 3314 ad
973 3256 1056 3313 lrnurn

66 3340 229 3402 testiculum
244 3341 413 3418 demittitur,
434 3359 555 3419 eumque
574 3339 610 3399 ad
629 3339 741 3418 plagam
764 3337 927 3415 compellit:
942 3336 1055 3396 deinde

69 3426 187 3486 dextrae
203 3441 301 3486 manus
317 3426 373 3486 duo
387 3425 483 3502 digiti,
499 3423 599 3503 pollex
614 3431 698 3501 atque
718 3421 819 3498 index,
840 3439 939 3481 renam
962 3427 990 3478 et
1010 3435 1054 3476 ar·
