2372 3892
369 187 717 236 mmmm>
955 173 1015 235 w

7 341 119 404 rdlnns
139 339 348 434 aperiendum,
364 341 450 419 idque
458 296 560 419 ,quud
576 341 666 417 inest,
685 359 720 400 ea
739 357 794 418 qua
810 339 888 402 venit
902 340 1019 420 forcipe
1058 302 1060 306 Ι

7 415 231 486 extrahendur'n
247 434 301 484 cst.
333 425 458 488 Accedit
472 443 543 484 vern
559 386 666 503 aliquid
681 425 857 485 ditttcntuatts
874 424 926 484 suh
942 425 1019 486 omni

7 515 88 585 ctu
107 511 136 568 si
153 508 244 568 telum
261 509 309 568 uel
325 512 385 568 ossi
400 508 539 586 inhaesit,
559 509 637 568 vel
630 527 658 568 un
678 509 800 568 articulo
817 527 849 568 se
869 509 944 568 inter
961 508 1017 570 duo

7 611 81 654 ussa
99 592 253 652 demersit.
276 592 307 652 ln
322 608 391 653 osse
408 610 501 671 usquc
517 609 553 652 eo
568 591 738 652 mouendum
753 601 812 668 est,
827 591 921 652 donec
938 593 1017 653 laxe·

7 688 54 738 tur
72 678 100 736 is
117 677 225 753 locus,
245 679 291 754 qui
309 687 474 738 mucronem
489 676 655 746 momordit3
680 685 709 736 et
726 685 792 737 tunc
810 676 855 736 uel
870 694 952 736 manu
968 677 1018 736 vel

7 763 132 839 lorcipe
149 760 239 822 telum
254 760 458 821 extrahendum
475 771 537 821 est:
555 777 630 838 quae
652 762 724 820 ratio
746 761 774 818 in
796 759 929 820 dentibus
946 778 1017 838 qun·

7 863 71 922 que
91 843 253 920 ejiciendis
264 853 319 905 est.
341 845 399 906 Vix
414 863 544 922 umquam
560 846 598 904 ita
615 843 701 902 telum
720 860 777 902 non
793 844 935 922 sequitur:
955 844 1017 921 sed,

7 931 36 988 si
50 928 234 1005 morabitur,
251 930 348 990 excuti
364 946 479 1005 quoque
494 929 582 988 ictum
597 927 693 1005 aliquo
710 926 885 988 ferramento
899 929 1015 1007 peterit.

7 1013 157 1074 Ultimum
175 1022 236 1088 est,
252 1011 298 1074 uhi
316 1029 374 1072 non
392 1013 539 1088 evellitur,
555 1011 670 1072 terebra
683 1012 767 1086 juxta
785 1013 898 1090 forare,
916 1013 951 1072 ab
967 1029 1016 1074 eu-

10 1115 72 1174 que
86 1096 248 1172 foramine,
268 1095 303 1156 ad
324 1097 453 1174 speciem
475 1095 589 1156 litterae
604 1097 641 1172 V,
664 1105 762 1156 contra
782 1095 868 1158 telum
889 1113 922 1156 os
939 1097 1016 1158 exci-

10 1181 87 1240 dere
106 1182 171 1256 sic,
189 1189 219 1240 ut
233 1181 344 1257 lineae,
363 1198 436 1259 quae
453 1179 638 1256 diducuntur,
661 1179 696 1240 ad
712 1181 799 1240 telum
814 1189 961 1258 spectent:
980 1197 1016 1240 eo

10 1265 116 1340 lacto,
140 1264 170 1324 id
191 1283 314 1324 necesse
337 1272 381 1324 est
407 1263 501 1340 labet,
526 1273 555 1324 et
574 1264 661 1325 facile
676 1265 831 1324 auferatur.
867 1263 945 1324 luter
960 1263 1016 1324 dun

11 1365 91 1410 uero
108 1365 179 1408 ossa
196 1349 219 1408 si
235 1351 391 1428 peripsum
403 1348 552 1408 articulum
565 1351 739 1427 perruperit,
755 1351 833 1408 circa
848 1348 949 1407 vulnus
961 1347 1017 1408 duo

12 1432 149 1492 membra
169 1433 269 1494 lesciis
291 1432 448 1510 habenisve
464 1431 633 1508 deliganda,
658 1439 687 1490 et
707 1449 761 1509 per
775 1431 826 1491 has
841 1432 869 1490 in
885 1431 1017 1492 diversas

8 1525 120 1596 ,partes
135 1515 296 1577 diducenda
314 1526 394 1591 sunt,
418 1524 448 1576 ut
470 1533 577 1575 nervos
598 1514 774 1576 distendant:
794 1513 896 1592 quibus
918 1524 1016 1575 exten·

14 1601 72 1675 tis,
89 1601 186 1660 laxius
202 1603 277 1660 inter
291 1619 358 1660 ossa
376 1600 500 1677 spatium
522 1608 584 1676 est,
607 1608 638 1660 ut
662 1601 724 1658 sine
746 1599 913 1658 difficultate
929 1599 1018 1660 telum

16 1685 189 1762 recipiatur.
212 1684 285 1745 lllud
302 1684 451 1744 uidendum
468 1692 528 1758 est,
552 1684 625 1743 sicut
642 1685 669 1742 in
692 1683 756 1744 aliis
772 1683 846 1743 lucis
864 1684 963 1762 posui,
980 1701 1017 1742 ne

18 1769 84 1846 qais
105 1787 230 1844 nervus,
254 1778 301 1828 aut
319 1787 408 1843 uena,
431 1777 477 1826 aut
500 1769 604 1828 arteria
627 1785 643 1828 ι
667 1767 727 1827 telo
747 1766 974 1844 laedatur,.dum
988 1766 1018 1826 id

19 1852 197 1913 extrahitur:
214 1853 315 1913 eadem
330 1853 441 1912 scilicet
460 1853 586 1928 ratione,
609 1869 683 1929 quac
705 1868 791 1930 supra
809 1851 889 1930 (cap.
909 1852 944 1930 2)
965 1869 1016 1929 pu·

7 1937 75 1996 *sita
93 1945 147 1996 est.

86 2021 116 2079 5.
137 2019 177 2080 At
198 2021 221 2079 si
245 2029 388 2080 venenato
410 2037 525 2098 qnoque
548 2019 608 2079 telo
634 2021 697 2098 quis
723 2021 798 2078 ictus
824 2028 886 2094 est,
915 2019 1016 2078 iisdem
1118 2027 1120 2030 ’

23 2103 171 2180 omnibus,
193 2106 217 2164 si
236 2105 299 2165 lieri
312 2112 432 2184 putem,
453 2108 539 2180 etiarn
556 2103 736 2164 festinantius
751 2103 839 2176 actis,
857 2102 1015 2177 adjicienda

24 2190 137 2248 curatio
154 2197 214 2263 est,
234 2207 307 2266 quae
323 2187 369 2248 vel
386 2197 475 2266 eputo
491 2205 622 2264 veneno,
639 2187 685 2246 vel
702 2205 717 2246 a
736 2195 873 2264 serpente
886 2187 951 2246 ictis
969 2185 1016 2245 ad·

22 2271 148 2332 hibetur.
177 2272 311 2332 Vulneris
328 2281 422 2332 autern
437 2273 544 2350 ipsius,
563 2279 694 2331 extracto
709 2271 784 2346 telo,
802 2269 942 2330 medicina
960 2287 1018 2330 non

7 2357 82 2418 salia
99 2365 157 2432 est,
174 2373 256 2434 quam
271 2374 345 2434 quae
362 2365 457 2432 esset,
477 2358 501 2414 si
519 2372 647 2432 corpore
668 2357 725 2416 icto
742 2354 811 2414 nihil
829 2354 1015 2414 inhaesisset:

26 2440 61 2500 de
81 2458 136 2518 qua
151 2442 224 2504 satis
236 2441 293 2501 elic
309 2435 378 2501 luco
394 2438 559 2500 dictumest
576 2441 628 2516 (V,
645 2437 701 2516 26,
715 2439 782 2517 27).

381 2691 566 2753 CAPUT
599 2693 664 2752 VIt
772 2711 778 2730 ‘

29 2815 64 2864 De
85 2813 207 2880 gangliis,
229 2813 260 2862 de
277 2811 434 2873 meliceride‚
461 2788 671 2930 spathepcmate,
699 2819 722 2861 et
742 2819 901 2874 steatomate,
929 2812 1016 2875 capitis

449 2890 476 2929 tu
494 2895 593 2932 ercurs.

7 3059 24 3099 n
91 3034 166 3094 llaec
182 3035 299 3092 evenire
315 3035 342 3092 in
358 3032 485 3110 qualibet
502 3042 583 3111 parte
601 3033 733 3108 corporis
753 3037 888 3106 possunt:
907 3028 1017 3106 reliqua

35 3127 123 3178 certas
138 3118 222 3176 sedes
237 3117 352 3177 habent.
388 3115 433 3176 De
455 3115 557 3193 quibus
574 3115 683 3190 dicam,
710 3131 793 3172 orsus
810 3131 825 3171 a
842 3112 946 3188 capite.
985 3111 1016 3172 ln

34 3202 87 3262 hoc
103 3201 185 3262 multa
200 3203 337 3300 variaque
349 3200 498 3260 tubercula
512 3201 654 3268 oriuntur;
672 3189 828 3275 γάγγλια,
845 3194 1018 3276 μελικηρί-

36 3284 106 3362 aug,
127 3275 325 3364 αθεριόμαια
351 3286 508 3349 nominant:
538 3282 659 3360 aliisque
687 3282 837 3340 etiamnum
866 3281 1017 3340 vocabulis

37 3369 165 3448 quaedam
190 3369 237 3429 ulii
258 3369 437 3428 discernunt.
462 3367 563 3468 quibus
586 3383 644 3442 ego
665 3357 877 3444 cteucmputu
892 3381 1015 3461 quoque

7 3453 166 3529 atadjiciarn.
199 3455 279 3528 Quae
296 3470 425 3530 quumvis
440 3454 513 3511 etin
532 3453 664 3526 cervice,
688 3457 717 3512 et
737 3451 765 3510 in
789 3450 857 3526 alis,
876 3456 915 3507 et
926 3448 953 3506 ιι
976 3447 1015 3506 la·
