2384 3896
356 121 722 210 nuncnune..
989 147 1048 212 leti

37 314 116 375 dem
135 314 337 374 emollitum-iu
354 331 391 376 eo
405 299 507 374 uulnus
523 315 580 375 cito
595 313 809 376 rennuentem
826 312 901 374 malo
916 313 1048 378 allicitur.

38 398 160 458 Solent
180 415 252 470 vero
274 415 484 476 nonnumquam
504 398 573 458 nihil
593 399 686 459 omnia
703 398 808 458 auxilia
831 398 992 476 proficere,
1015 418 1049 460 ac

40 481 145 542 nihilo
161 483 253 542 miuus
270 499 392 561 serpere
407 483 432 541 is
448 499 569 544 cancer:
584 482 659 542 inter
677 499 751 560 quae
764 483 913 559 miserum,
927 482 979 543 sed
989 485 1048 543 uni·
1141 509 1144 515 ¹

42 583 118 626 cum
139 566 275 627 auxilium
292 575 347 641 est,
364 575 393 626 ut
404 575 506 627 cetere
522 583 590 644 pars
608 566 743 644 corporis
754 574 812 626 tute
823 566 870 644 sit,
881 566 1048 644 membrum,

16 649 134 728 equod
152 649 287 727 paulatim
304 651 457 726 emoritur,
474 649 657 710 abscindere.

116 733 173 794 35.
206 733 269 794 llue
285 734 521 810 grauissimorum
536 733 684 794 vulnerum
700 733 865 794 curationes
883 743 957 794 sunt.
991 734 1050 795 Sed

45 831 88 876 ne
101 814 157 876 ille
169 815 282 894 quidem
292 817 485 895 negligenda,
504 817 553 876 ubi
564 819 677 893 integra
689 826 753 877 cute
772 816 892 878 interior
904 835 971 895 pars
988 817 1049 878 col·

46 898 109 958 lisa
126 908 190 968 est;
208 909 255 960 aut
270 899 319 961 ubi
334 901 481 978 derasum,
497 903 661 962 attritumve
675 901 782 980 'aliquid
795 911 851 970 εει;
870 910 917 962 aut
929 901 976 960 ubi
988 919 1049 961 sur·

49 982 140 1043 culus
158 985 275 1063 corpori
296 986 400 1045 iuh'xus
422 994 481 1052 est:
505 995 552 1046 eut
575 986 623 1046 ubi
643 993 748 1058 tenue,
770 984 822 1045 sed
843 985 929 1045 altum
947 985 1049 1046 vulnus

13 1093 39 1132 m
49 1067 174 1126 insedit.
201 1067 233 1128 lu
254 1069 346 1147 primo
367 1085 436 1129 casu
460 1069 717 1130 commodissimum
744 1077 789 1128 est
810 1068 988 1128 malicorium
1013 1085 1051 1128 ex

50 1153 125 1210 vino
143 1167 284 1230 coquere,
298 1151 522 1238 interioremque
535 1153 599 1228 ejus
607 1163 719 1231 partem
728 1161 891 1228 conterere,
910 1159 940 1211 et
951 1161 1049 1212 cereto

51 1235 186 1294 miscere
201 1253 238 1294 ex
252 1253 320 1296 rosa
334 1236 428 1313 lucto,
443 1237 530 1316 idque
544 1253 761 1316 superponere:
777 1235 900 1310 deiude,
916 1235 964 1294 ubi
978 1235 1050 1296 cutis

51 1319 121 1396 ipsa
137 1327 309 1398 exasperata
326 1329 388 1396 εει,
404 1320 543 1381 inducere
558 1317 625 1382 lene
639 1320 892 1398 medicamentum,
911 1319 998 1398 quale
1019 1319 1050 1378 li·

50 1418 128 1480 pura
148 1411 217 1461 est·
234 1402 348 1465 Deraso
363 1419 459 1480 uero,
482 1403 646 1483 detritoque
666 1403 866 1482 imponendum
885 1412 929 1463 εει
944 1403 1050 1480 empla-

13 1503 43 1546 ιε
54 1493 149 1544 strum
163 1487 423 1564 tetrapharmacum
439 1489 510 1566 (19,
527 1489 580 1566 9),
605 1486 830 1565 minuendusque
848 1485 946 1563 cibus,
962 1494 992 1544 et
1009 1485 1049 1544 vi·

52 1585 122 1628 num
133 1568 368 1633 subtrahendum.
383 1571 486 1650 Neque
504 1571 541 1648 id,
557 1572 622 1650 quia
634 1589 692 1632 non
703 1567 821 1630 habehit
835 1570 953 1646 altiores
965 1571 1049 1643 ictus,

43 1653 299 1714 contemnendum
315 1657 384 1716 erit:
400 1655 539 1733 siquidem
552 1673 592 1722 err
601 1653 743 1730 ejusmodi
755 1655 868 1715 casibus
880 1671 971 1732 saepe
984 1669 1050 1712 cun·

55 1739 98 1796 cri
116 1737 196 1797 liunt.
225 1738 308 1814 Quod
321 1741 345 1798 si
358 1739 452 1799 levius
467 1740 495 1799 id
513 1741 585 1815 erit,
602 1749 632 1800 et
646 1740 674 1798 in
690 1747 773 1818 purte
788 1740 910 1815 exigua,
923 1738 1051 1798 conteuti
1149 1809 1151 1812 Ι

56 1837 127 1880 εεεε
144 1823 302 1898 poterimus
319 1823 423 1884 eodem
436 1822 494 1884 leni
509 1822 729 1884 medicamento.
756 1822 906 1882 Surculum
921 1838 1011 1896 vero,
1027 1821 1051 1880 si

17 1920 46 1962 uo
59 1904 124 1964 lieri
140 1914 254 1982 potest,
272 1915 390 1984 oportet
404 1907 565 1983 reimaro,
581 1907 630 1968 vel
645 1909 730 1967 etiem
742 1905 916 1967 ferramento
929 1905 1050 1979 ejicere.

57 1989 88 2046 Si
113 1987 161 2048 vel
183 1990 363 2067 praefractus
387 1999 447 2066 est,
470 1991 518 2051 vel
540 1991 625 2052 altius
647 1989 798 2051 descendit
818 2007 901 2068 quam
924 1997 955 2048 ut
968 1987 997 2048 id
1012 1988 1051 2046 ite

57 2071 123 2131 lieri
154 2073 263 2150 possim
289 2073 498 2135 medicamento
528 2075 693 2134 evocandus
721 2082 775 2133 est.
817 2072 931 2154 Optime
957 2080 1050 2130 autem

58 2153 156 2215 educit
171 2159 395 2236 superimposita
413 2158 556 2218 arundinis
573 2157 669 2233 mdix,
685 2159 709 2216 si
725 2165 824 2216 tenero
841 2163 903 2231 est,
920 2153 1050 2232 protinus

59 2240 199 2306 contuite;
223 2241 248 2299 si
266 2241 325 2314 jem
349 2241 464 2319 durior,
483 2251 548 2302 ante
564 2244 592 2300 in
606 2241 699 2301 mulso
718 2239 856 2307 decoctum
875 2239 921 2297 cui
935 2251 1051 2321 semper

23 2322 117 2385 etmel
144 2317 334 2398 de'icieudum
358 2334 419 2385 est:
448 2333 496 2386 eut
523 2323 711 2386 aristolochia
737 2341 799 2384 cum
814 2321 930 2383 <eodem
953 2319 1050 2380 melle.

60 2405 188 2467 Pessima
209 2425 247 2466 ex
264 2408 387 2468 surculis
403 2409 513 2469 arundo
528 2418 590 2486 εει,
609 2411 675 2487 quia
689 2424 794 2486 aspere
808 2415 874 2468 est:
893 2404 1051 2482 eademque

59 2490 172 2550 offensu
188 2492 273 2551 etiem
287 2493 316 2551 in
331 2492 408 2552 iilice
430 2501 485 2552 est.
515 2493 574 2552 Sed
590 2509 642 2552 usu
658 2493 804 2568 cognitum
819 2500 879 2566 εει,
902 2500 1052 2567 utramque

60 2573 201 2634 adversus
221 2574 342 2636 alteram
367 2575 602 2636 medicamentum
623 2593 706 2652 esse,
724 2576 749 2635 si
765 2575 887 2635 coutrita
901 2589 936 2634 ec
951 2591 1050 2650 snper·

60 2659 194 2737 imposito
209 2668 275 2718 est·
303 2659 386 2720 Facit
406 2669 501 2720 autem
512 2660 596 2720 ‚idem
611 2661 640 2720 ln
655 2659 785 2720 omnihus
805 2657 944 2734 surculis,
962 2655 1051 2736 quod·

26 2757 183 2818 uocumque
198 2742 437 2802 medicamentum
452 2743 623 2804 extrahendi
638 2745 694 2804 vim
709 2743 805 2804 hebet.
836 2741 915 2803 ldem
931 2741 995 2800 altis
1010 2749 1050 2797 ιεὲ

61 2823 639 2904 uuihusquevulneribusaptissimumest.
656 2827 748 2888 Priori
755 2821 1050 2898 reil'hilocratisssll',

65 2907 134 2985 14);
156 2907 221 2968 huic
234 2909 373 2970 llecntaei
392 2905 469 2988 (19,
489 2913 545 2987 16)
563 2911 748 2990 emplastrum
767 2910 890 2971 maxime
907 2903 1050 2965 convenit.
1139 2944 1141 2950 .

126 2991 175 3053 36.
204 2993 260 3052 Ubi
274 3009 345 3052 vero
363 2993 535 3072 inquolihet
549 2995 669 3054 vulnere
684 3003 799 3053 uentum
813 2991 849 3051 ud
865 2987 1051 3050 inducendam
1151 3027 1153 3031 -

64 3074 224 3135 cicatricem
247 3085 308 3152 est,
333 3077 411 3156 quod
433 3071 618 3156 perpurgatis
638 3081 716 3154 jhm,
742 3075 922 3153 repletisque
947 3070 1051 3133 ulceri-

31 3157 116 3224 mhus
135 3163 329 3226 necessarium
351 3170 412 3234 est,
435 3162 554 3238 primum
578 3181 616 3222 ex
638 3179 712 3238 uque
733 3159 1051 3236 frigidaliuamentum,

65 3239 128 3301 dum
151 3259 218 3302 caro
231 3243 338 3315 -alitur;
367 3243 471 3304 deinde
494 3261 577 3322 quum
593 3247 653 3320 jem
675 3243 845 3305 continenda
869 3251 926 3320 est,
945 3244 1052 3302 siccum

65 3325 262 3404 imponendum
287 3336 348 3403 est,
380 3327 476 3388 donec
502 3330 623 3388 cicatrix
651 3327 815 3389 inducatur:
846 3337 903 3405 tum
930 3321 1051 3400 deligari

65 3425 148 3489 snper
162 3409 257 3471 album
272 3408 417 3491 plumbum
433 3420 560 3489 oportet,
577 3427 634 3489 quo
650 3420 678 3471 et
697 3411 862 3492 reprimitur
878 3407 1008 3483 cicatrix,
1023 3411 1053 3462 ει
1105 3428 1107 3432 ’
