2392 3906
397 225 689 274 mmmm
999 216 1038 276 79

34 382 141 442 luntur
165 383 213 460 qui
235 399 288 460 per
314 382 407 441 omnia
425 380 578 456 jucundam
602 382 664 456 eius
685 380 862 459 disciplinam
886 400 952 443 esse
972 401 1039 442 con·

34 467 165 546 cipiunt.
198 465 227 524 ls
249 467 323 524 eninr
342 463 527 525 ulterioribus
548 465 661 542 quidem
681 464 782 524 diebus
804 467 933 527 cubantis
956 469 1040 526 etiam

34 551 178 611 luxuriae
204 550 388 628 subscripsit;
420 548 519 628 primis
542 567 614 609 vero
639 551 757 609 tortoris
781 551 874 610 vicem
902 551 1039 611 exhibuit.

33 635 108 712 Ego
123 642 220 694 autern
235 634 505 712 medicamentorum
518 631 578 692 dari
593 636 736 711 potiones,
753 643 782 692 et
795 633 889 694 alvum
904 635 968 694 duci
983 653 1041 695 non

12 721 96 779 enisi
112 734 184 778 raro
206 717 329 794 debere,
346 717 491 786 concedo;
514 733 570 775 non
593 717 659 776 ideo
680 726 773 778 tamen
787 717 816 777 id
837 719 993 795 agendum,
1011 727 1041 778 ut

36 805 127 880 aegri
145 803 224 860 vires
241 801 455 878 convellantur,
479 801 626 870 existimo;
644 804 776 879 quoniam
791 820 829 861 ex
846 801 1041 862 imbecillitate

36 905 184 947 summum
203 886 362 964 periculum
382 894 435 947 est.
462 885 549 946 llinui
570 903 643 962 ergo
664 894 769 945 tantum
789 887 935 946 materiam
955 903 1040 963 supe·

37 981 155 1032 rantern
173 979 305 1048 oportet,
323 985 396 1048 quae
414 964 579 1029 naturaliter
595 968 749 1047 digeritur,
765 969 811 1029 obi
828 969 896 1030 nihil
911 971 979 1030 novi
994 987 1040 1029 ac·
1069 1013 1071 1018 ,

42 1055 135 1115 cedit.
162 1053 264 1132 ltaque
287 1053 472 1114 abstinendus
494 1071 511 1114 a
534 1053 599 1112 cibo
623 1053 720 1131 primis
741 1053 859 1132 diebus,
876 1063 906 1114 et
927 1055 955 1113 in
976 1053 1042 1112 luce

8 1159 36 1198 ro
44 1137 196 1198 habendus
211 1155 317 1215 aeger,
332 1139 386 1196 nisi
400 1139 543 1213 infirmus,
565 1137 687 1201 interdiu
700 1146 762 1213 est,
785 1140 918 1217 quoniam
935 1153 1042 1214 corpus

46 1227 102 1283 ista
117 1240 232 1302 quoque
247 1222 366 1298 digerit3
390 1223 471 1300 isque
488 1220 595 1281 cubare
610 1239 692 1300 quarn
707 1223 828 1282 maximo
846 1221 978 1282 conclavi
994 1220 1041 1280 de·
1138 1261 1143 1272 ι

42 1308 103 1367 bet.
138 1306 224 1380 Quod
239 1306 274 1366 ad
296 1309 368 1365 sitim
390 1323 460 1365 vero
475 1323 660 1383 somnumque
682 1308 819 1384 pertinet,
841 1304 1044 1368 moderandum

41 1401 108 1467 εει,
134 1399 165 1449 ut
181 1389 303 1449 interdiu
325 1389 442 1465 vigilem
459 1399 563 1464 noctu,
582 1391 605 1448 sl
622 1391 684 1448 lieri
702 1399 815 1468 potest,
836 1391 1043 1468 conquiescat:

41 1491 193 1551 acusque
213 1483 310 1551 potet,
333 1491 428 1551 neque
446 1475 563 1532 nimium
579 1473 625 1532 siti
641 1475 793 1533 crucietur.
823 1473 862 1534 Os
879 1476 964 1533 etiam
980 1474 1043 1547 ejus

10 1561 103 1620 rselui
124 1567 239 1636 potest,
259 1557 308 1618 ubi
331 1566 360 1617 et
385 1558 492 1615 siccum
514 1566 574 1631 est,
599 1565 627 1616 et
647 1557 703 1634 ipsi
724 1558 831 1627 foetet3
859 1557 987 1637 quamvis
1014 1555 1043 1614 id

44 1655 160 1722 tempus
190 1642 300 1719 potioni
324 1649 420 1721 aptum
446 1658 503 1701 non
529 1650 581 1700 est.
620 1639 834 1719 Commodeque
854 1641 1043 1702 Erasistratus

44 1729 122 1803 dixit,
144 1743 251 1803 saepe,
271 1726 407 1785 interiore
424 1733 505 1803 parte
520 1725 667 1784 humorem
682 1744 740 1785 non
761 1728 941 1805 requirente,
965 1741 999 1784 os
1014 1732 1044 1782 et

41 1813 147 1872 fauces
161 1811 326 1887 requirere;
349 1807 497 1886 nequead
517 1821 594 1884 rem,
616 1809 690 1870 male
706 1808 806 1870 baberi
819 1825 954 1887 aegrum,
977 1825 1043 1886 per-

42 1899 148 1956 tinere.
737 1933 742 1938 -

9 1999 35 2040 20
108 1979 156 2036 Ac
172 1979 263 2054 primo
279 1975 397 2055 quidem'
412 1979 455 2036 sic
476 1977 615 2036 tenendus
629 1987 684 2038 εει.
717 1977 858 2057 Optimum
872 1994 942 2043 vero
957 1976 1043 2036 medi·
1060 1971 1062 1983 ”

45 2071 208 2123 cementum
230 2069 291 2136 est,
313 2069 476 2141 opportune
498 2061 578 2120 cibus
600 2061 697 2121 datus:
720 2061 768 2140 qni
788 2060 901 2138 quando
924 2063 1044 2138 primunr

43 2147 107 2208 dari
127 2143 250 2217 debeat,
277 2147 431 2220 quaeritur.
467 2142 601 2222 Plerique
620 2163 659 2204 ex
683 2145 806 2222 antiquis
826 2144 908 2203 tarde
931 2143 1043 2219 dabant,

44 2247 139 2308 saepe
149 2229 255 2306 quinto
271 2226 328 2302 die,
345 2245 434 2304 saepe
451 2235 550 2286 sexto:
572 2237 600 2286 et
615 2227 643 2286 id
658 2228 783 2287 fortasse
800 2227 847 2286 vel
862 2229 890 2285 iu
902 2228 981 2303 Asia,
996 2227 1044 2286 vel

45 2318 77 2374 in
91 2313 243 2391 Aegypto,
259 2311 334 2373 coeli
348 2313 421 2370 ratio
437 2312 542 2389 patitur
553 2311 608 2390 (ci.
623 2311 646 2385 l,
659 2311 823 2388 prooem).
840 2310 1043 2389 Asclepiades,
1088 2332 1096 2348 ·

7 2396 100 2456 'nubi
121 2411 240 2472 aegrum
260 2393 353 2454 triduo
375 2413 429 2472 per
451 2395 544 2454 omnia
572 2394 759 2471 fatigaverat,
787 2403 888 2472 quarto
907 2394 954 2454 die
979 2393 1044 2454 cibo

52 2479 221 2539 destinabat.
251 2478 289 2536 Αι
304 2478 457 2538 l'lremison
470 2497 572 2556 nuper,
587 2495 645 2538 non
657 2467 770 2556 quando
782 2480 932 2557 coepisset
945 2478 1045 2555 febris,

48 2563 103 2624 sed
123 2561 238 2640 quando
258 2561 407 2638 desiisset,
429 2572 476 2621 aut
491 2571 571 2621 certe
592 2561 687 2622 levata
706 2572 802 2639 esset,
828 2561 1044 2632 considerabam

47 2658 77 2708 ει
99 2646 135 2708 ab
156 2646 208 2706 illo
231 2655 555 2725 tempore,exspectato
574 2646 620 2706 die
635 2647 737 2723 tertio,
759 2648 860 2724 sinon
880 2654 1047 2707 accesserat

47 2732 152 2806 febris,
169 2733 278 2800 stetim;
295 2733 319 2790 si
329 2739 511 2806 accesserat,
527 2729 574 2789 ubi
590 2748 624 2789 ea
639 2730 688 2790 vel
701 2730 838 2806 desierat,
854 2731 919 2815 qel,
937 2734 959 2791 si
975 2731 1047 2790 assi·
1068 2764 1071 2782 t

12 2816 102 2878 sodue
120 2813 305 2890 inhaerebat,
328 2823 408 2874 certe
423 2830 489 2873 sese
509 2814 711 2891 inclinaverat,
735 2815 827 2875 cibum
843 2813 936 2874 dabat.
970 2813 1047 2873 Nihil

46 2909 143 2961 antem
162 2897 263 2957 bcrnrn
285 2899 380 2976 utique
403 2907 571 2976 perpetuum
595 2908 648 2959 est.
679 2899 750 2959 Nam
769 2907 866 2978 potest
886 2899 977 2977 primo
1000 2896 1047 2955 die

47 2985 161 3063 primus
183 2981 264 3042 cibus
284 2981 392 3060 dandus
416 2999 500 3057 esse,
531 2991 630 3061 potest
651 2983 798 3058 secundo,
831 2991 929 3061 potest
948 2983 1046 3056 tertio,

47 3075 150 3146 potest
171 3083 228 3125 non
248 3067 433 3143 uisiqnarto,
450 3075 496 3124 aut
510 3067 622 3144 quinto;
646 3075 743 3145 potest
757 3075 824 3144 post
843 3083 925 3124 unam
946 3082 1046 3125 acces·

49 3155 181 3225 sionem,
206 3156 302 3226 potest
324 3158 391 3227 post
408 3149 493 3224 duas,
517 3158 615 3226 potest
635 3159 702 3230 post
715 3149 823 3228 plures.
856 3149 959 3209 Refert
973 3150 1047 3208 enim

14 3235 144 3314 aequalis
161 3233 277 3292 morbus
294 3235 345 3308 sit,
368 3232 453 3311 quale
469 3250 592 3311 corpus,
613 3234 697 3311 quale
713 3232 844 3310 coelum,
863 3251 937 3311 quae
955 3242 1045 3306 aetas,

50 3318 128 3397 quod
144 3327 259 3395 tempus
278 3320 355 3393 anni,
377 3319 549 3394 minimeque
570 3319 598 3375 in
615 3317 703 3376 rebus
721 3317 838 3376 multum
853 3317 926 3377 inter
943 3335 975 3375 se
993 3315 1045 3374 dif-

48 3399 227 3475 ferentibus,
249 3411 416 3479 perpetuum
433 3418 499 3459 esse
520 3410 704 3478 praeceptum
721 3401 860 3479 temporis
877 3409 984 3479 potest.
1013 3398 1045 3457 ln

48 3485 169 3562 morbo,
191 3486 238 3562 qni
260 3485 323 3562 plus
345 3486 445 3543 virium
466 3483 574 3559 aufert,
605 3484 727 3544 celerius
751 3485 834 3544 cibus
853 3483 962 3544 dandus
983 3491 1044 3540 est:
