2396 3904
408 164 706 216 mmmm
983 153 1140 218 w'

38 335 182 390 suonon
199 326 277 395 sunt,
300 319 425 397 paxillus
448 321 540 380 tenuis
555 305 637 399 quam
658 321 813 384 laevissimi
833 323 950 400 generis
972 322 1045 384 iuter
1073 324 1076 328 ’

39 399 83 464 ea
107 403 222 462 demitti
238 401 389 478 debetsio,
405 413 434 464 ut
450 405 545 483 capite
564 406 676 484 paulum
697 425 782 485 supra
804 406 883 467 ulcus
906 407 1044 476 <amineam
1064 439 1070 446 1
1183 423 1187 432 ’

37 489 140 566 isque
159 486 287 564 quotidie
303 487 415 566 plenior
433 487 591 564 adigendus
609 499 662 568 est,
678 490 772 550 donec
788 511 840 571 par
850 491 877 564 id
890 491 1045 551 membrum

40 571 143 630 alteri
160 571 218 630 liat.
250 569 320 630 Tum
337 571 459 650 paxillus
473 573 679 644 removendum
696 574 797 634 uulnus
810 574 963 635 sanandum
984 585 1043 644 est;

5 676 24 714 5
43 654 181 714 cicatrix
196 653 310 714 inducta
327 654 452 715 fovenda
464 655 568 732 frigida
581 674 654 735 aqua
671 666 729 735 est,
744 660 772 718 iu
788 677 843 738 qua
859 667 976 734 myrtus,
995 659 1043 718 he·

44 737 147 814 dera,
164 737 276 798 aliaeve
291 738 400 798 similes
417 738 563 800 verbenae
579 739 721 800 decoctae
738 742 806 819 sint,
822 742 1044 820 illinendumque

44 822 296 882 medicamentum
325 831 386 898 est,
408 823 485 902 quod
506 825 612 884 siccet:
636 833 665 884 et
685 828 777 902 magis
801 827 885 886 etiam
899 826 945 886 lric
965 828 1043 905 quie-

48 905 212 981 scendum,
234 905 367 966 donecid
385 907 541 967 membrum
562 909 754 968 confirmetur.
785 911 815 970 Si
836 910 949 988 quando
971 928 1043 970 vero

47 1007 126 1050 ossa
142 1007 200 1050 uon
216 988 455 1067 conferbuerunt,
472 993 536 1070 quia
550 1009 640 1070 saepe
653 992 764 1068 soluta,
781 1011 870 1072 saepe
880 1002 955 1054 mota
971 1003 1043 1070 sunt,
1087 1037 1095 1052 .

0 1075 81 1139 oin
98 1081 205 1152 aperto
223 1072 328 1134 deinde
342 1076 450 1134 curatio
468 1083 525 1134 ost:
552 1084 672 1153 possunt
695 1077 769 1136 enirn
794 1079 883 1137 coire.
913 1077 943 1136 Si
964 1087 1043 1137 vetu-

47 1166 118 1218 stas
135 1158 307 1235 occupavit,
327 1156 484 1218 membrum
508 1160 717 1220 extendendum
739 1170 797 1228 est;
829 1178 896 1221 ossa
917 1162 990 1220 inter
1011 1178 1044 1220 se

49 1259 144 1302 manu
159 1241 321 1317 dividenda,
337 1251 368 1301 ut
383 1243 582 1302 concurrendo
605 1253 829 1322 exasperentur,
855 1254 883 1305 et
909 1245 946 1313 si,
976 1243 1043 1323 quid

51 1328 170 1404 pingue
186 1334 247 1400 est,
263 1325 410 1402 eradatur,
427 1335 572 1406 totumque
588 1326 616 1385 id
632 1330 712 1405 quasi
727 1346 832 1388 recens
855 1329 919 1388 liat:
941 1345 1044 1405 magna

50 1419 155 1469 tamen
174 1426 242 1468 cura
257 1408 369 1486 habita,
386 1429 422 1470 ne
437 1412 517 1470 nervi
535 1410 693 1470 musculive
710 1410 866 1472 laedantur.
895 1410 965 1471 Tum
977 1413 1043 1472 vino

6 1511 40 1552 15
52 1493 214 1554 fovendum
229 1501 286 1570 est,
302 1494 330 1552 in
346 1510 401 1572 quo
415 1494 593 1554 malicorium
605 1493 756 1554 decoctum
767 1496 816 1564 sit;
832 1495 1043 1574 imponendum·
1134 1492 1136 1501 '

54 1597 116 1656 que
132 1577 162 1636 id
178 1577 269 1655 ipsum
286 1579 333 1636 ovi
350 1577 416 1638 albo
431 1579 561 1638 mixtum:
582 1579 667 1638 tertio
690 1577 736 1638 die
755 1579 975 1654 resolvendum,
999 1580 1042 1639 fo·

52 1661 240 1740 vendumque
255 1679 329 1739 aqua
344 1663 371 1721 in
388 1680 442 1740 qua
452 1662 608 1738 uerbenae,
621 1662 657 1721 de
671 1661 773 1741 quibus
785 1681 871 1742 supra
884 1663 940 1723 dixi
953 1662 1043 1742 (1.6),

55 1745 202 1806 decoctae
218 1745 289 1805 sint:
306 1747 404 1823 quinto
418 1746 463 1805 die
475 1745 549 1806 idom
561 1746 732 1822 faciendum,
741 1747 910 1825 ferulaeque
924 1749 1042 1807 circum·

56 1829 184 1890 dandae:
201 1838 314 1904 cetera,
325 1837 360 1889 et
375 1840 450 1907 aute,
472 1839 598 1909 etpost,
617 1830 717 1890 eadem
731 1830 879 1907 facienda,
900 1848 973 1909 quae
996 1848 1042 1890 su-

10 1929 43 1969 so
58 1931 114 1993 pra
129 1914 244 1993 scripsi.
274 1913 375 1974 Solent
391 1923 483 1975 tamen
498 1915 637 1974 interdum
650 1923 815 1976 transversa
836 1917 909 1974 inter
925 1935 957 1975 se
976 1932 1043 1975 ossa

58 1998 251 2058 conferrere:
277 2015 370 2075 eoque
393 2007 422 2058 et
443 1998 559 2057 brevius
575 1998 746 2075 membrum,
773 2008 801 2059 et
816 1998 983 2058 indecorum
998 1999 1043 2066 lit;

57 2091 104 2156 et,
127 2083 150 2140 si
169 2083 265 2161 capita
287 2083 417 2142 acutiora
437 2091 515 2159 sunt,
536 2082 669 2142 assiduae
684 2085 854 2161 punctiones
875 2083 1042 2141 sentiuntur.

59 2164 105 2224 Ob
121 2183 203 2244 quarn
221 2185 335 2226 oausam
350 2166 442 2242 frangi
457 2183 555 2225 rursus
570 2183 638 2225 ossa
659 2174 692 2224 et·
708 2166 792 2242 dirigi
808 2165 923 2225 debent.
940 2165 971 2225 ld
986 2165 1044 2224 hoc

57 2249 144 2308 modo
166 2251 205 2309 lit.
244 2247 343 2310 Calida
363 2268 437 2328 aqua
460 2251 547 2311 multa
574 2249 729 2309 membrum
752 2249 779 2308 id
798 2249 926 2325 fovetur,
954 2258 982 2308 et
1006 2266 1044 2308 ex

15 2353 46 2393 as
60 2342 159 2393 cerato
175 2333 284 2412 liquido
301 2334 481 2412 perfricatur,
496 2333 720 2410 intenditurque:
737 2335 811 2392 inter
826 2333 899 2393 baec
915 2331 1042 2392 medicus

58 2425 239 2496 pertractans
258 2436 342 2492 ossa,
359 2427 388 2478 ut
405 2417 497 2478 adhuc
512 2426 612 2477 tenero
626 2417 717 2493 callo,
733 2415 861 2477 manibus
878 2434 912 2476 ea
928 2415 1042 2494 diducit,

58 2501 265 2579 compellitque
279 2502 307 2562 id
325 2501 402 2581 quod
418 2503 523 2561 eminet
533 2504 562 2587 in
574 2519 652 2562 suam
667 2501 782 2562 sedem:
798 2509 837 2576 et,
847 2502 870 2560 si
883 2517 981 2579 parum
993 2518 1042 2561 va·

57 2585 120 2660 luit,
137 2584 171 2645 ab
188 2603 222 2646 ea
238 2595 328 2663 parte,
343 2588 371 2644 in
387 2602 470 2664 quum
485 2603 518 2646 os
535 2604 566 2645 se
589 2585 720 2661 inclinat,
741 2586 895 2646 involutam
917 2585 983 2646 lana
997 2603 1042 2644 re-

58 2669 153 2746 gulam
169 2668 285 2744 objloit;
307 2680 392 2748 atque
412 2673 451 2730 ita
469 2669 636 2747 deligando,
653 2686 824 2730 assuescere
845 2672 947 2730 iterum
963 2678 1042 2730 vetu-
1061 2699 1069 2716 ·

19 2771 48 2814 so
60 2762 123 2812 stae
140 2753 201 2812 sedi
217 2755 304 2830 cogit.
333 2753 551 2833 Nonnumquam
566 2764 659 2815 autem
674 2761 755 2815 recte
772 2755 887 2833 quidem
904 2771 971 2814 ossa
984 2755 1042 2815 coi-

60 2846 157 2911 erunt,
176 2839 386 2914 superincrevit
402 2856 473 2898 vero
489 2839 589 2898 nimius
606 2839 712 2907 callus;
734 2838 858 2916 ideoque
871 2839 954 2896 locus
968 2838 1050 2902 isim.

59 2922 165 2980 tumuit.
199 2919 284 2994 Quod
305 2921 352 2981 ubi
374 2922 487 2998 incidit,
511 2923 557 2983 diu
578 2923 741 3000 leniterque
756 2921 784 2981 id
805 2919 962 2980 membrum
976 2937 1041 2997 per-

58 3004 215 3065 fricandum
233 3013 329 3065 estex
344 3005 411 3065 oleo
427 3014 456 3066 et
471 3006 532 3067 sale
544 3015 574 3065 et
590 3007 681 3075 nitro;
702 3005 846 3082 multaque
864 3021 936 3082 aqua
951 3003 1043 3065 calida

60 3089 136 3149 salsa
150 3087 318 3157 fovendum
334 3098 364 3148 et
378 3088 580 3167 imponendum
596 3089 747 3165 malagma,
763 3088 839 3166 quod
850 3087 978 3164 digeram
994 3087 1042 3147 ad·

23 3173 243 3252 asstrictiusqoe
270 3172 457 3249 alligandum
480 3172 681 3251 oleribusque,
705 3180 734 3232 st
762 3180 913 3250 praeterea
936 3172 1043 3254 vomitu

61 3256 204 3316 utendum:
237 3275 290 3335 per
313 3275 386 3334 quae
409 3274 471 3318 cum
492 3275 579 3318 carne
602 3256 693 3316 callus
724 3273 840 3335 quoque
862 3265 1041 3318 extenuatur.

62 3338 238 3419 Confertque
254 3341 361 3419 aliquid
377 3343 467 3420 sinapi
485 3358 547 3400 oum
565 3341 619 3399 frou
637 3341 665 3399 in
687 3341 805 3401 alterum
823 3341 978 3402 membrum
993 3343 1041 3399 im-

62 3425 196 3506 positum,
219 3424 313 3485 donec
331 3424 358 3484 id
376 3425 490 3503 paulum
511 3423 630 3503 erodat,
654 3441 749 3510 eoque
765 3435 870 3486 evocet
886 3425 1041 3488 materiam.
