2396 3904
163 141 225 204 ³54
453 147 855 198 numerusnumerous

160 301 585 382 retur;inlerioresquedenter
597 300 804 380 longiusquam
812 299 987 380 superiores
995 297 1141 368 excedere

159 391 318 467 intentique
334 405 424 465 super
437 384 561 447 musculi
581 394 732 463 apparent.
762 385 857 445 Primo
879 401 1006 463 quoque
1027 393 1143 461 tempore

160 473 246 532 homo
262 473 290 531 in
305 470 390 532 sedili
407 467 595 531 collocandus
610 476 655 528 est
670 470 729 544 sic,
750 478 781 528 ιιι
796 469 927 528 minister
947 487 967 528 a
991 469 1144 546 posteriore

159 565 243 634 parte
265 563 351 633 caput
366 555 429 629 ejus
446 554 606 626 contiueat,
621 551 669 611 vel
687 552 748 629 sic,
765 561 794 612 ut
803 553 888 627 juxta
906 553 1058 631 parietem
1075 552 1097 610 is
1111 568 1144 608 se

159 641 243 715 deat,
259 637 394 714 subiecto
410 638 486 696 iuter
500 637 640 714 parietem
657 644 686 694 et
701 645 787 714 caput
805 638 869 712 ejus
890 645 1020 695 scorteo
1044 635 1158 713 putrium

159 724 250 792 duro;
268 739 364 800 eoque
383 728 470 798 caput
484 737 539 798 per
555 719 712 779 ministrum
727 728 875 798 urgeatur,
895 736 954 796 quo
975 721 1018 778 sit
1035 717 1145 778 immabi·

159 807 230 867 IIus:
248 816 307 865 tum
321 805 401 881 digiti
419 803 543 883 pollices
560 802 688 862 linteolis
706 803 755 863 vel
772 803 888 877 insciis,
912 821 949 862 ne
974 801 1146 876 delabantur,

159 889 278 949 Involuti
296 891 325 948 in
340 903 375 946 cs
388 888 453 962 ejus
468 884 653 961 conjiciendi,
671 887 762 946 ceteri
779 887 965 946 extrinsecus
987 883 1148 947 admovendi

159 981 234 1033 suut.
266 971 323 1032 Ubi
333 970 520 1030 vehementer
542 968 657 1030 maxilla
676 969 939 1047 apprehenseum,
959 971 990 1029 si
1006 985 1067 1028 una
1083 975 1148 1046 parto

159 1054 299 1136 procidit,
329 1052 549 1112 concutiendum
569 1059 711 1127 mentum,
732 1061 763 1112 et
781 1052 816 1112 ad
831 1061 930 1129 guttur
952 1051 1185 1114 adducendum

159 1146 219 1196 est:
238 1147 297 1196 tum
312 1135 438 1195 simul-et
455 1145 543 1214 caput
554 1134 839 1213 apprehendendum,
855 1145 894 1212 et,
908 1138 1049 1196 excitato
1057 1143 1149 1208 mento,
1184 1203 1185 1226 ,

158 1219 273 1278 maxilla
288 1220 316 1278 iu
332 1234 412 1278 enam
427 1219 528 1278 sedem
544 1217 760 1295 compellenda,
779 1227 809 1278 et
829 1234 863 1278 oe
878 1221 943 1296 ejus
962 1220 1147 1300 comprimeu·
1184 1271 1185 1284 ,

159 1303 225 1362 dum
242 1311 287 1362 est
301 1302 357 1379 sic,
372 1309 403 1360 ιιι
418 1303 513 1362 omniu
527 1319 621 1380 paene
636 1319 693 1362 uno
708 1311 853 1363 momento
861 1303 938 1363 liant.
964 1305 1026 1363 Sin
1041 1312 1148 1378 utraque

158 1395 241 1465 parte
262 1384 399 1464 prolapsa
421 1393 482 1461 cst,
507 1384 609 1445 eadem
629 1385 723 1446 omnia
744 1384 891 1456 lacienda;
913 1385 970 1446 sed
994 1385 1148 1466 aequaliter

157 1477 237 1529 retro
265 1468 382 1530 maxilla
407 1467 520 1544 agenda
546 1476 600 1528 est.
631 1468 776 1547 Reposito
797 1487 881 1546 osse,
910 1471 1034 1530 sicum
1060 1469 1164 1530 doloret

159 1553 311 1613 oculorum
334 1559 364 1612 et
384 1551 508 1611 cervicis
532 1551 587 1612 iste
605 1568 690 1612 casus
704 1551 819 1628 incidit,
842 1571 880 1612 ex
895 1552 1027 1613 brachio
1045 1551 1147 1628 sanguis

157 1635 312 1696 mittendus
330 1643 384 1695 est.
401 1633 494 1708 Quum
511 1633 642 1694 omuibus
658 1652 742 1710 vero,
760 1652 882 1712 quorum
897 1653 967 1697 ossa
985 1647 1072 1698 mota
1084 1643 1144 1706 sunt,

158 1719 250 1796 primo
266 1718 401 1796 liquidior
414 1717 497 1798 albus
513 1718 681 1792 conveniat,
699 1727 758 1778 tum
772 1719 816 1778 his
830 1720 1016 1798 praecipue:
1040 1721 1144 1780 adeost

158 1817 253 1860 sermo
272 1817 388 1879 quoque
400 1803 556 1881 frequens,
571 1809 649 1860 motu
667 1802 726 1862 oris
743 1820 798 1881 per
813 1820 937 1882 nervos,
952 1803 1069 1866 laedat.

496 1967 672 2030 CAPUT
704 1970 827 2032 XIII.
1144 1981 1160 2025 rt

527 2069 564 2118 De
582 2068 664 2133 cupite
679 2069 775 2120 luxato.

225 2181 318 2263 Caput
336 2185 449 2247 dnobus
464 2184 654 2264 processibus
671 2187 700 2245 in
715 2186 788 2248 duos
803 2187 881 2248 siuns
906 2201 1042 2251 summae
1060 2195 1137 2248 verte·

157 2265 226 2326 brae
244 2268 375 2329 demissis
394 2286 484 2348 super
499 2269 644 2329 cervicem
662 2271 820 2347 contineri,
839 2273 867 2330 iu
879 2274 969 2350 prIma
985 2284 1075 2352 parte
1088 2285 1139 2351 pro·

158 2351 242 2428 posui
258 2344 339 2430 (cip,
357 2353 402 2428 1).
433 2351 469 2411 Hi
488 2369 647 2430 processus
663 2353 804 2414 Interdum
823 2355 852 2413 in
867 2358 1070 2433 posteriorem
1089 2371 1138 2434 par·

156 2441 214 2491 tem
236 2436 386 2495 excidunt:
413 2452 470 2515 quo
492 2435 536 2509 fit,
559 2444 590 2495 ut
612 2436 693 2495 nervi
714 2436 767 2497 suh
786 2439 924 2518 occipitio
947 2441 1155 2509 extendamur

157 2524 281 2575 mentum
298 2519 411 2594 pectori
426 2518 639 2596 agglutinetur,
662 2537 757 2598 neque
774 2521 876 2581 bibere
898 2524 940 2600 is,
957 2543 1059 2603 neque
1075 2518 1138 2598 toqui

157 2599 261 2674 possit,
278 2598 420 2660 interdum
436 2604 498 2660 siue
516 2604 665 2662 voluntate
681 2623 779 2676 semen
795 2607 917 2667 emittat:
937 2607 1047 2686 quibus
1062 2605 1135 2666 celer·

156 2680 227 2739 rime
243 2697 321 2740 mors
337 2685 513 2760 supervenit.
560 2686 726 2747 Ponendum
743 2697 837 2749 autem
857 2689 914 2751 hoe
936 2709 1008 2750 esse
1027 2685 1135 2759 credidi,

155 2778 213 2822 non
234 2781 291 2843 quo
313 2767 422 2826 curatio
437 2769 501 2843 ejus
516 2770 560 2850 rei
574 2770 633 2830 ulla
653 2769 703 2839 sit;
720 2772 773 2832 sed
791 2783 821 2834 ut
840 2791 889 2833 res
905 2775 1023 2835 iudiciis
1046 2785 1133 2850 cognt-

156 2857 303 2928 sceretur,
327 2859 356 2911 et
373 2868 430 2911 nou
444 2861 578 2932 putarent
599 2852 653 2912 sibi
666 2855 961 2936 medicumdefnisse,
990 2857 1019 2919 si
1042 2858 1086 2938 qui
1102 2853 1154 2914 sica

156 2929 282 3012 aliquem
297 2936 504 3014 perdidissent.

492 3086 674 3152 CAPUT
706 3089 814 3154 XIV.

533 3188 570 3239 De
581 3178 663 3256 ‘spine
681 3189 777 3242 luxata.

220 3280 298 3343 ldem
314 3302 399 3348 casus
417 3299 591 3369 manetem,
607 3309 727 3371 quorum
744 3293 774 3352 iu
790 3293 873 3373 spina
893 3292 1051 3353 vertebrae
1069 3284 1128 3351 cuci·
1153 3267 1161 3348 ⁵,

157 3363 268 3428 derunt.
299 3366 331 3428 ld
348 3370 422 3432 enim
439 3390 496 3434 nun
512 3385 609 3456 potest
625 3377 704 3456 lieri,
720 3374 775 3438 nisi
793 3385 823 3438 et
836 3374 980 3456 medulla,
1004 3394 1076 3456 quae
1089 3383 1145 3454 pert
