2372 3892
393 115 409 154 ,
493 119 495 138 .

388 204 699 256 mmmm
969 197 1031 260 w

17 356 103 436 ipsis
123 355 249 436 pilorum
264 355 408 418 radicibus
431 358 466 418 ab
489 361 595 437 angulo
620 363 791 424 immittenda
808 372 864 444 est,
881 373 910 424 ut
925 383 959 426 ea
974 374 1030 426 ter·

19 443 98 500 tiam
125 450 239 519 partem
261 440 421 521 palpebrae
438 454 594 513 transsuat;
615 446 720 506 deiude
745 448 861 522 iterum,
887 451 1031 529 tertioque

19 543 127 602 usque
144 524 182 583 ad
198 524 318 586 alterum
333 526 480 603 angulum:
497 546 554 606 quo
570 530 611 603 fit,
626 539 655 588 ut
667 547 766 590 omnes
781 530 902 608 pilorum
915 533 1031 594 radices

21 609 157 670 adustae
176 611 357 672 emoriantur.
395 610 464 670 Tum
485 613 775 692 superimponendum
796 613 1031 676 medicamentum

1 701 93 766 rest,
117 691 199 769 quod
214 692 461 756 inflammationem
477 695 641 772 probibeat:
657 707 742 775 atque
757 696 805 756 ubi
821 708 935 759 crustae
950 701 1029 760 exei-

25 776 155 852 deruut,
174 775 210 848 ad
227 777 389 838 cicatricem
406 778 628 857 perducendum.
664 780 812 841 Facillime
826 791 921 842 autem
937 783 964 842 id
978 801 1029 859 ge·

24 878 84 922 nus
106 860 248 920 sanescit.
284 861 404 936 Quidam
427 863 482 941 (cl.
504 862 534 922 P.
556 863 633 940 Aeg.
655 863 674 924 l.
695 865 732 942 l.)
751 867 829 926 aiuut
840 881 893 924 acu
905 867 1030 926 transsui
1119 917 1122 926 .

21 945 114 1018 jnxla
138 943 216 1021 pilos
231 947 404 1006 exteriorem
427 955 536 1024 partem
553 947 713 1026 palpebrae
728 957 884 1028 oportere,
909 966 1030 1028 eamque

26 1027 190 1088 mausmitti
205 1027 348 1107 duplicem
363 1031 497 1108 capillum
512 1031 678 1091 muliebrem
693 1032 858 1101 ducentem;
879 1041 964 1111 atque
982 1032 1030 1092 ubi

2 1129 106 1174 uacus
123 1112 255 1188 transiit,
271 1114 300 1171 iu
315 1114 407 1192 ipsius
423 1113 520 1192 capilli
541 1117 647 1191 sinum,
664 1133 718 1194 qua
742 1115 919 1195 duplicatur,
942 1115 1031 1194 pilum

29 1213 104 1256 esse
124 1195 352 1274 conjiciendum,
370 1206 398 1258 et
412 1217 466 1276 per
478 1215 541 1258 eum
556 1201 584 1258 iu
595 1201 773 1278 superiorem
791 1198 949 1280 palpebrae
965 1216 1029 1276 par·

29 1287 91 1338 tem
116 1279 333 1358 attrahendum,
357 1280 453 1360 ibique
474 1284 592 1359 corpori
611 1283 860 1360 agglutinandum,
888 1283 1028 1361 et-impo·

29 1362 162 1422 nendum
187 1363 439 1441 medicamentum,
466 1383 523 1443 quo
544 1366 674 1428 foramen
693 1366 866 1443 glutinetur:
895 1368 938 1426 sic
956 1368 1030 1426 enim

31 1446 119 1522 lore,
144 1455 175 1505 ut
199 1447 224 1506 is
245 1448 321 1526 pilus
345 1449 372 1508 iu
394 1451 568 1510 exteriorem
585 1459 694 1527 partem
718 1458 820 1528 postea
836 1459 959 1530 spectet.
998 1448 1030 1510 ld
1132 1494 1139 1509 .

1 1530 160 1608 reprimum
178 1531 240 1590 lieri
262 1541 449 1611 conpotem,
467 1534 520 1594 uisi
544 1534 573 1592 iu
601 1533 660 1612 pilo
681 1533 830 1610 longiore;
858 1551 942 1612 quum
966 1532 1030 1592 fere

33 1613 148 1677 breves
164 1631 200 1674 eo
217 1615 285 1676 loco
300 1625 462 1677 nascautur.
502 1615 632 1694 Deinde,
656 1618 680 1676 si
700 1617 798 1696 plures
815 1616 865 1696 pili
883 1627 962 1692 suut,
980 1634 1029 1676 uc·

35 1715 125 1758 cesse
143 1707 188 1756 est
202 1697 319 1776 longum
334 1709 514 1775 tormentum,
528 1702 616 1763 toties
632 1718 685 1762 acu
700 1703 831 1777 trajecta,
839 1717 971 1777 mgnam
988 1700 1028 1758 in·

35 1781 258 1844 damnationem
282 1793 407 1848 moveat.
442 1783 607 1844 Novissime
633 1802 718 1863 quum
739 1783 840 1844 humor
862 1783 964 1862 aliquis
989 1782 1029 1842 ibi

5 1909 11 1918 .
37 1864 148 1942 subsit,
170 1865 256 1945 oculo
283 1875 311 1926 et
338 1876 402 1928 aute
422 1885 476 1946 per
497 1869 573 1946 pilos
595 1877 623 1928 et
638 1877 695 1928 tum
710 1885 764 1947 per
779 1867 937 1947 palpebrae
952 1867 1028 1928 lora·

1 1963 28 2006 aa
39 1949 116 2010 mica
131 1948 251 2027 allecto,
266 1951 314 2010 vix
328 1952 390 2012 lieri
408 1960 519 2028 potest,
539 1961 570 2013 ut
590 1952 705 2029 gluten,
728 1968 785 2031 quo
800 1954 912 2012 uinctus
925 1959 970 2012 est
988 1951 1029 2028 pi·

39 2033 103 2108 lus,
120 2051 178 2093 nou
194 2034 369 2096 resolvatur:
392 2051 488 2114 eoque
506 2038 551 2112 lut,
577 2045 607 2094 ut
627 2037 650 2094 ia
668 2053 722 2109 eo,
746 2035 821 2096 uude
842 2037 869 2094 vi
890 2034 1029 2095 abductus

39 2125 101 2192 est,
123 2117 233 2177 redeat.
272 2117 315 2182 Ea
341 2135 411 2178 vero
437 2121 546 2178 curatio
574 2137 647 2196 quae
673 2117 831 2198 palpebrae
845 2118 970 2179 laxioris
992 2115 1028 2176 ab

41 2199 171 2260 omnibus
190 2201 401 2279 frequentatur,
427 2202 495 2263 nibil
516 2201 603 2263 babet
622 2200 708 2261 dubii.
746 2201 891 2279 Siquidem
913 2207 1030 2278 oportet

44 2292 179 2346 contecto
198 2285 285 2345 oculo
301 2285 421 2346 mediam
440 2285 597 2364 palpebrae
618 2295 727 2360 cutem,
747 2285 810 2344 sive
832 2302 867 2346 ca
887 2283 1028 2362 superior,

7 2369 108 2432 ausire
122 2367 241 2428 inferior
261 2377 321 2444 est,
344 2369 563 2446 apprehendere
584 2369 695 2445 digitis,
716 2387 751 2428 ae
774 2370 817 2429 sic
833 2369 948 2428 levare:
971 2375 1029 2426 tum

44 2451 229 2512 considerare
246 2452 381 2530 quantulo
397 2451 527 2514 detracto
543 2453 666 2512 futurum
690 2453 740 2528 sit,
761 2459 791 2512 ut
813 2451 979 2514 naturaliter
996 2467 1029 2510 se

43 2534 156 2596 babeat.
193 2535 339 2612 Siquidem
356 2536 404 2596 bic
420 2554 535 2615 quoque
554 2536 611 2595 duo
633 2534 762 2614 pericula
783 2536 985 2596 circumstant:
1004 2534 1030 2594 si

45 2619 155 2680 nimium
171 2620 255 2679 luerit
275 2620 416 2695 excisum,
432 2637 468 2680 ue
485 2621 601 2697 contegi
617 2621 717 2680 oculus
731 2637 788 2680 nou
803 2621 911 2699 possit3
935 2619 960 2678 si
979 2635 1028 2695 pa·

5 2691 9 2712 '
46 2719 120 2779 rum,
143 2721 178 2762 ue
199 2703 267 2763 nibil
288 2712 380 2764 actum
401 2704 452 2778 sit,
470 2713 500 2764 et
521 2703 627 2764 frustra
650 2713 747 2764 sectus
764 2704 867 2782 aliquis
882 2705 928 2763 sit.
966 2702 1028 2777 Qua

13 2786 148 2850 aodeinde
162 2787 342 2848 incidendum
357 2786 515 2862 videbitur,
537 2807 589 2867 per
610 2788 681 2848 duas
698 2789 789 2851 lineas
806 2794 962 2848 atramento
977 2801 1028 2843 uo·
1113 2847 1116 2854 ,
1183 2845 1184 2852 χ

11 2895 16 2910 ,
48 2867 156 2932 mudum
171 2879 216 2930 est
230 2872 288 2948 sic,
304 2879 334 2930 ut
349 2872 422 2931 iuter
439 2889 533 2946 oram,
556 2889 630 2948 quae
654 2872 730 2950 pilos
746 2871 890 2944 continet,
911 2876 941 2927 et
962 2883 1028 2943 pro·

48 2955 154 3032 piorem
177 2955 203 3014 ei
225 2956 346 3029 lineam,
364 2954 471 3032 aliquid
491 2955 682 3034 relinquatur,
708 2954 785 3032 quod
807 2948 1029 3030 apprehendere

50 3055 119 3101 acus
137 3047 237 3116 postea
259 3039 362 3117 possit.
400 3038 453 3098 His
468 3040 645 3114 constitutis,
671 3036 829 3114 scalpellus
852 3032 1029 3094 adhibendus

52 3130 107 3182 est:
128 3128 155 3180 et
173 3124 198 3182 si
218 3123 352 3200 superior
375 3122 515 3201 palpebra
532 3131 593 3196 est,
617 3129 697 3186 ante;
721 3121 745 3179 si
769 3119 902 3194 inferior,
925 3125 1029 3195 postea

20 3205 166 3284 euprepius
179 3205 249 3284 ipsis
268 3206 335 3284 pilis
349 3205 543 3266 incidendum:
562 3205 727 3281 initiumque
743 3201 903 3262 laciendum
918 3202 948 3262 in
963 3201 1029 3260 sici-

54 3297 110 3348 stro
124 3289 223 3365 oculo,
239 3289 275 3350 ab
290 3306 327 3349 eo
344 3289 467 3366 angulo,
482 3290 530 3367 qui
545 3289 681 3364 tempori;
697 3287 725 3346 iu
741 3286 861 3361 dentre,
878 3285 914 3348 ab
929 3301 966 3346 eo
981 3285 1030 3362 qui

55 3371 161 3433 naribus
179 3374 298 3451 propior
316 3383 376 3434 est:
393 3372 495 3451 idque,
512 3370 588 3450 quod
602 3372 676 3433 inter
690 3369 761 3432 duas
776 3371 867 3432 lineas
880 3377 934 3444 est,
951 3366 1028 3428 exci·

55 3455 175 3522 dedum.
196 3457 312 3519 Deinde
326 3473 395 3518 orae
416 3455 542 3518 vulneris
563 3456 636 3518 iuter
656 3473 690 3516 se
704 3454 826 3536 simplici
841 3463 936 3516 sutura
952 3466 1027 3510 eum·
