2392 3906
149 214 189 276 ts
441 224 475 272 s.
494 223 524 274 o.
540 223 639 272 cunas
653 219 848 270 uunrouusn

149 390 255 442 tantum
268 377 440 438 imbecillius
453 377 591 440 redditur.
622 375 820 436 Accessiones
842 375 928 434 etiam
944 373 1032 434 modo
1048 375 1145 448 singn-

150 465 196 524 lae
216 464 335 540 singulis
356 461 457 522 diebus
474 463 558 537 fiunt,
583 458 668 519 modo
690 457 773 518 binae
796 458 933 538 plmesve
954 465 1146 517 concurrunt:

151 566 188 607 ex
204 565 260 626 quo
278 563 367 625 saepe
384 547 497 615 evenit,
523 552 551 605 ut
573 540 701 622 quotidie
722 542 821 620 plures
839 541 1025 601 accessiones
1045 541 1147 600 remis·

150 635 304 709 sionesque
317 633 387 697 sint;
403 631 446 690 sic
460 638 563 704 tamen,
579 636 608 686 ut
619 643 807 704 unaquaeque
822 625 907 686 alicui
920 627 1008 703 priori
1022 643 1148 703 respon·

150 715 226 776 dect.
258 713 401 773 Interdum
423 730 494 772 uero
514 711 701 772 accessiones
723 727 837 788 quoque
858 707 1073 768 confunduntur
1097 709 1166 783 siqu

150 809 181 858 ut
194 799 287 858 notari
306 793 400 875 neque
411 805 542 874 tempora
554 812 661 870 earum,
676 811 771 870 neque
787 794 880 872 spatia
898 793 1019 871 possint.
1041 791 1150 869 Neque

149 891 325 957 veromam,
342 878 417 959 quod
432 878 534 939 dicitur
549 896 564 938 a
581 877 764 956 quibusdam,
786 877 891 936 nullam
912 875 1023 935 febrem
1038 875 1151 934 inordi-

149 975 243 1026 natam
259 983 343 1039 esse,
359 964 414 1022 nisi
430 971 476 1022 ant
491 981 530 1024 ex
542 963 664 1038 vomica
680 971 727 1022 aut
743 979 780 1022 ex
796 960 1028 1036 inflammatione,
1045 968 1102 1018 aut
1118 978 1151 1018 er

149 1051 263 1109 ulcere:
287 1047 401 1106 facilior
415 1049 490 1110 euim
505 1063 621 1123 semper
636 1046 745 1108 curatio
763 1045 855 1120 foret,
876 1047 901 1104 si
915 1042 973 1104 boc
987 1059 1094 1102 verum
1110 1063 1151 1128 aa·

149 1141 203 1192 set.
234 1131 293 1198 Sed
309 1127 387 1206 quod
403 1130 553 1192 evidentes
570 1147 675 1190 causac
691 1129 805 1205 faciunt,
821 1128 921 1188 facere
934 1129 1018 1188 etiam
1030 1126 1174 1188 abditacn

149 1224 279 1292 possunt.
308 1212 412 1291 Neque
428 1213 463 1274 de
479 1233 527 1291 re,
550 1213 601 1276 sed
615 1213 651 1274 de
667 1213 759 1275 verbo
774 1213 1002 1273 controversiam
1017 1221 1151 1287 movent

149 1300 197 1376 qui
220 1315 305 1376 quum
320 1296 405 1358 aliter
419 1297 562 1377 aliterque
583 1299 612 1357 in
627 1297 730 1362 eodem
751 1295 853 1359 morbo
871 1296 969 1356 febres
993 1296 1151 1372 accedunt,

149 1399 206 1440 non
223 1382 340 1442 easdem
354 1381 514 1443 inordinate
528 1381 635 1456 redire,
653 1381 706 1441 sed
719 1381 790 1441 alias
802 1380 933 1458 aliasque
945 1377 1071 1440 subinde
1084 1382 1153 1440 oriri

150 1464 255 1526 dieunt.
294 1463 378 1540 Quod
400 1473 494 1526 tamen
517 1465 552 1525 ad
579 1465 694 1526 curandi
717 1466 856 1526 rationem
879 1463 949 1524 nibil
978 1466 1150 1542 pertineret,

150 1550 261 1608 etiamsi
275 1566 345 1610 vere
361 1547 515 1610 diceretur.
548 1548 691 1628 Tempora
709 1566 825 1627 quoque
845 1547 1044 1614 remissionum
1061 1550 1149 1610 modo
1156 1563 1172 1602 1⁵

150 1632 297 1710 liberalia,
314 1631 400 1694 modo
416 1635 466 1693 vix
482 1633 540 1693 ulla
559 1642 632 1694 sunt.
714 1657 723 1704 ι

505 1869 687 1930 CAPUT
718 1871 786 1940 IV.

333 1982 370 2030 De
388 1981 496 2032 febrium
511 1985 668 2034 curationum
682 1985 792 2036 diuersis
807 1987 952 2050 generibus.

35 2191 38 2200 ,
110 2185 111 2190 ,
212 2131 250 2192 Et
272 2131 395 2194 febrium
415 2133 526 2212 quidem
553 2137 626 2214 patio
648 2139 770 2197 maxime
790 2137 856 2196 talis
876 2144 930 2196 est.
962 2133 1162 2196 Curationum

77 2268 81 2276 .
149 2234 221 2276 vero
245 2216 359 2279 diversa
379 2236 490 2295 genera
518 2210 597 2298 sunt,
624 2230 710 2298 prout
733 2229 867 2280 auctores
889 2219 1002 2296 aliquos
1029 2217 1172 2278 habenta

148 2301 341 2380 Asclepiades
356 2303 481 2364 officium
497 2321 564 2364 esse
577 2303 681 2365 medici
697 2304 781 2378 dicit,
796 2311 831 2364 at
849 2308 922 2379 tcto,
944 2309 979 2362 ut
995 2299 1147 2376 calciatae,

147 2384 330 2460 utjucccdc
350 2396 439 2448 curet.
467 2386 500 2446 ld
520 2397 617 2448 votum
635 2395 696 2447 cst:
726 2386 779 2446 sed
800 2387 865 2446 fere
890 2385 1056 2464 periculosa
1081 2403 1148 2446 esse

79 2529 80 2532 ,
148 2470 232 2528 nimia
252 2477 280 2528 et
300 2469 445 2530 festinatio
459 2478 490 2528 et
503 2471 638 2549 uoluptas
654 2471 739 2529 solet
772 2469 832 2543 Qua
855 2489 929 2531 uero
948 2469 1148 2530 moderatione

148 2549 281 2610 nwndum
296 2555 349 2627 sit,
371 2561 416 2627 ut,
439 2563 572 2630 quantana
586 2554 649 2612 fieri
662 2561 774 2630 potest,
788 2555 883 2614 omnia
897 2557 952 2614 ista
968 2553 1147 2631 contingant,

149 2634 239 2710 prima
254 2651 370 2712 semper
387 2633 482 2694 habita
498 2636 602 2711 salute,
621 2638 648 2694 in
659 2636 729 2712 ipsis
742 2637 871 2714 partibus
887 2639 1063 2698 curationum
1076 2655 1172 2698 con-u

149 2715 331 2776 siderandum
352 2718 416 2776 crit.
456 2715 581 2778 litante
612 2719 705 2778 omnia
729 2723 892 2798 quaeritur,
922 2723 1020 2802 primis
1045 2721 1147 2780 diebus

147 2818 238 2877 aeger
265 2818 321 2878 qua
347 2801 460 2860 ratione
485 2802 674 2863 continendus
695 2805 740 2864 sit.
778 2804 910 2885 Antiqui,
931 2806 1147 2866 medicamentis

149 2884 316 2962 quibusdam
333 2883 421 2961 datis,
445 2886 664 2946 concoctionem
677 2887 882 2959 moliebantur;
905 2908 940 2950 eo
959 2889 1036 2968 qnod
1052 2889 1146 2948 crudi·

109 2979 113 2985 ’
148 2977 234 3028 tatem
248 2971 370 3028 maxime
385 2966 557 3030 horrebant:
574 2970 678 3032 deinde
691 2991 754 3032 eam
768 2975 924 3049 materiam,
942 2992 1015 3052 quac
1027 2973 1144 3032 laedere

147 3051 312 3129 videbatur,
334 3051 467 3112 ducendo
488 3055 604 3134 sa'cpius
619 3056 713 3116 alvum
733 3057 937 3118 subtrahebant
952 3057 1008 3138 (cf.
1023 3055 1103 3135 Aple.
1119 3055 1171 3128 Lau

148 3135 215 3212 22).
241 3135 435 3214 Asclepiades
454 3137 661 3201 medicamenta
686 3141 813 3209 sustulit;
840 3142 934 3202 aluum
961 3159 1020 3200 non
1045 3142 1141 3212 toties,

148 3217 199 3278 sed
220 3219 283 3278 fere
304 3229 398 3280 tamen
419 3221 541 3281 inomni
564 3223 682 3300 morbo,
711 3224 858 3285 subduxit:
881 3225 964 3286 febre
983 3242 1056 3284 vero
1080 3226 1140 3304 ipsa

148 3304 305 3381 praecipue
321 3323 353 3363 se
370 3304 405 3364 ad
421 3306 576 3366 remedium
591 3309 654 3383 ejus
668 3309 707 3368 uti
723 3309 873 3386 professus
886 3319 939 3380 est.
969 3307 1140 3369 Convellen-

148 3385 200 3446 das
218 3389 291 3446 enim
308 3390 386 3446 vires
402 3392 483 3466 aegri
498 3392 620 3468 putavit,
647 3391 727 3465 luce,
749 3383 934 3468 vigilia‚'siti
950 3394 1076 3471 ingenti,
1098 3393 1139 3450 sic

148 3481 177 3530 ut
198 3489 235 3529 ne
257 3489 291 3531 os
312 3471 425 3550 quidem
445 3474 542 3550 primis
559 3474 659 3554 diebus
679 3475 736 3534 elui
756 3476 876 3546 sineret;
909 3495 966 3556 quo
985 3479 1077 3554 magis
1090 3474 1167 3535 fale
