2392 3906
126 168 167 232 62
420 179 453 227 s.
470 177 500 226 c.
517 175 617 226 ceusu
629 174 823 224 censemus

126 335 240 396 modum
263 332 414 394 vindicant.
449 330 619 392 Liberaliter
638 347 727 407 agere
749 345 783 388 sc
805 327 940 400 credunt,
956 327 1016 404 qui,
1033 345 1128 407 quum

128 428 225 480 cetera
241 417 354 478 illorum
370 416 489 478 arbitrio
504 415 681 492 relinquant,
702 414 730 472 in
744 431 855 489 genere
870 415 928 475 cibi
940 405 1028 474 liberi
1038 421 1131 478 sunt;

128 504 209 582 quasi
223 510 386 579 quaeratur,
405 500 473 581 quid
489 497 602 560 medico
618 497 715 574 liceat,
730 513 789 556 nou
804 497 871 575 quid
886 513 977 573 aegro
992 495 1130 556 salutare

127 588 173 646 sit.
204 584 256 646 Cui
273 585 459 649 vehementer
474 591 575 657 nocet,
592 581 707 660 quoties
722 581 847 657 ineius,
863 580 940 661 quod
956 580 1129 655 assumitur,

126 669 175 730 vel
190 678 333 750 tempore,
349 669 397 732 vel
412 667 506 744 modo,
521 665 570 726 vel
584 683 695 744 genere
711 674 858 744 peccatur.
922 663 926 672 ‘
1141 697 1153 736 5

452 833 638 896 CAPUT
671 831 791 894 XVII.

480 946 517 997 De
534 949 626 998 sudore
641 945 773 997 eliciendo.

191 1085 285 1146 Sudor
302 1085 386 1144 etiam
401 1082 512 1144 duobus
526 1084 619 1144 modis
634 1084 762 1144 elicitur:
784 1089 831 1142 aut
847 1083 927 1142 sicco
942 1081 1060 1157 calore,
1079 1088 1131 1142 aut

128 1170 242 1230 balneo.
272 1169 373 1228 Siccus
395 1168 476 1228 calor
491 1176 551 1242 est,
575 1177 605 1227 et
618 1186 725 1228 arenae
741 1165 867 1242 calidae,
884 1175 917 1236 et,
928 1166 1072 1237 laconici,
1100 1173 1131 1224 et

129 1253 232 1314 clibani
255 1251 310 1331 (ci.
330 1249 442 1311 Oribas.
463 1252 491 1328 l,
515 1270 543 1330 p.
567 1251 662 1329 563),
691 1260 721 1311 et
748 1249 930 1330 quarumdam
952 1249 1129 1310 naturalium
1139 1269 1160 1310 m

128 1336 324 1412 sudationum,
345 1334 393 1396 ubi
408 1353 425 1394 e
440 1345 517 1396 terra
532 1336 668 1415 profusus
690 1335 798 1396 calidus
816 1351 909 1412 vapor
931 1333 1068 1394 aedificio
1085 1334 1128 1392 iu-

129 1420 265 1495 eluditur,
288 1420 362 1479 sicut
379 1437 467 1498 super
486 1419 572 1495 BaJas
593 1419 648 1497 (ol.
665 1419 767 1480 Horat.
787 1415 889 1496 Epist.
910 1417 938 1495 l,
961 1419 1016 1491 15,
1038 1435 1070 1476 v.
1091 1415 1128 1492 2)

128 1507 157 1564 in
171 1503 300 1566 murtetis
315 1503 453 1564 babemus
468 1504 523 1582 (cl.
539 1504 575 1580 ll,
591 1503 660 1580 21).
690 1503 810 1564 Praeter
826 1501 901 1562 haec
916 1501 980 1562 sole
994 1516 1128 1580 quoque,

128 1597 157 1648 et
184 1588 390 1647 exercitatione
415 1589 440 1646 is
465 1597 606 1648 movetur.
647 1587 791 1665 Utiliaque
820 1586 893 1646 baec
917 1602 1028 1664 genera
1047 1591 1127 1660 sunt,

128 1673 241 1749 quoties
263 1669 364 1730 humor
383 1664 458 1731 intds
479 1679 580 1747 nocet,
606 1671 689 1749 isque
709 1669 885 1747 digerendus
902 1679 956 1730 est.
990 1667 1035 1728 A'o
1059 1685 1158 1733 ueras

128 1771 227 1814 vorum
239 1770 354 1833 quoque
368 1754 506 1834 quaedam
518 1756 586 1815 vitia
598 1755 642 1814 sio
657 1756 764 1834 optime
779 1763 921 1815 curantur.
950 1752 1008 1812 Sed
1025 1759 1127 1812 cetera

127 1839 245 1896 infirmis
255 1846 377 1915 possunt
389 1840 564 1898 convenire:
580 1838 624 1898 sol
638 1847 666 1897 et
678 1839 848 1898 exercitatio
861 1844 968 1898 tantum
980 1834 1126 1905 robustio-

127 1922 221 1990 ribus;
245 1921 293 1998 qui
308 1931 402 1982 tamen
417 1923 479 1982 siue
494 1921 594 1996 febre,
614 1921 662 1981 vel
683 1922 757 1982 inter
773 1924 853 1982 initia
869 1921 1051 1996 morborum,
1073 1906 1126 1979 bel

128 2007 213 2065 etiam
234 2021 291 2064 uon
313 2005 451 2082 gravibus
470 2006 579 2066 morbis
597 2013 739 2066 tenentur.
774 2005 940 2066 Cavendum
959 2013 1053 2064 autem
1070 2012 1126 2079 est,

128 2107 164 2148 ne
188 2088 254 2167 quid
278 2089 379 2149 horum
394 2089 442 2148 vel
465 2091 493 2148 in
514 2089 613 2165 febre,
636 2089 682 2148 vel
704 2091 733 2150 in
756 2089 895 2150 cruditate
917 2097 1050 2150 tentetur.
1086 2087 1157 2150 Atro

127 2173 223 2233 balnei
239 2171 346 2252 duplex
363 2192 430 2234 usus
452 2181 510 2242 est;
541 2191 604 2233 nam
619 2173 723 2250 modo,
750 2173 887 2234 discussis
906 2171 1051 2250 febribus,
1075 2172 1125 2232 ini·

129 2259 195 2317 tium
217 2257 274 2318 cibi
287 2256 442 2335 plenioris,
465 2259 581 2338 vinique
601 2257 735 2320 firmioris
753 2257 911 2318 valetudini
932 2257 1015 2324 lacit3
1037 2255 1126 2316 modo

127 2340 239 2401 febrem
262 2341 354 2421 ipsam
372 2341 455 2402 tollit.
480 2340 614 2420 Fereque
632 2341 798 2416 adhibetur,
814 2341 861 2400 ubi
880 2357 1013 2401 summanr
1030 2349 1126 2400 cutem

72 2438 79 2450 ²
127 2425 263 2499 relaxari,
280 2428 456 2503 evocarique
475 2427 641 2503 corruptum
658 2424 816 2499 humorem,
834 2433 862 2484 et
877 2423 1002 2485 habitum
1018 2441 1124 2503 corpo-

127 2510 167 2564 ris
183 2509 283 2565 mutari
299 2508 426 2584 expedit.
456 2507 572 2586 Antiqui
587 2507 709 2566 timidius
726 2522 762 2566 eo
783 2505 948 2568 utebantur:
969 2507 1122 2586 Asclepia·
1134 2527 1157 2567 re

128 2589 179 2648 des
195 2588 340 2648 audacius.
370 2589 473 2668 Neque
488 2599 598 2650 terrere
612 2597 705 2649 autem
721 2607 756 2650 ea
770 2609 830 2666 res,
846 2593 870 2651 si
882 2593 1054 2670 tempestiva
1067 2599 1123 2664 est,

127 2672 230 2732 debet:
255 2681 320 2731 ante
334 2681 448 2751 tempus
465 2680 561 2731 nocet.
594 2672 731 2750 Quisquis
746 2673 829 2734 febre
851 2675 989 2738 liberatus
1005 2685 1063 2750 est,
1087 2677 1123 2734 si·

126 2755 270 2834 mulatque
286 2773 321 2815 ea
337 2773 392 2814 uno
411 2755 456 2814 die
472 2773 529 2814 non
545 2758 681 2829 accessit,
700 2775 736 2816 eo
750 2760 797 2836 qui
810 2761 957 2838 proximus
978 2767 1039 2835 est,
1056 2767 1126 2836 post

127 2849 239 2918 tempus
256 2839 452 2914 accessionis,
474 2847 535 2898 tuto
557 2838 646 2900 lavari
669 2850 773 2917 potest.
809 2842 847 2903 At
870 2845 894 2904 si
911 2845 1059 2904 circuitum
1074 2841 1123 2902 ba·

126 2923 199 2983 bere
213 2941 247 2984 ea
265 2922 355 2982 febris
370 2923 454 2983 solita
469 2931 514 2980 est
529 2923 587 2999 sic,
607 2933 638 2983 ut
652 2927 753 3000 tertio,
776 2935 916 3004 quartove
932 2927 977 2988 die
993 2935 1123 2987 reverta·
1133 2943 1157 2984 so

127 3017 186 3082 tur,
208 3007 446 3084 quandocumque
469 3023 527 3064 non
547 3008 686 3084 accessit,
710 3009 844 3069 balneum
865 3020 953 3072 tutum
975 3019 1029 3071 est.
1062 3010 1122 3070 bla-

126 3091 258 3150 nentibus
279 3107 350 3150 vero
365 3089 458 3150 adhuc
478 3089 624 3167 lebribus,
653 3092 677 3150 si
698 3111 751 3152 eae
767 3103 832 3154 sunt
852 3095 950 3172 lenes,
980 3095 1122 3174 lenesque

122 3173 229 3250 jamdiu
251 3174 326 3234 male
348 3173 468 3249 habent,
493 3183 574 3234 recte
594 3174 734 3236 medicina
754 3178 808 3238 ista
831 3185 970 3239 tentatur:
999 3197 1063 3239 cum
1084 3197 1121 3238 eo

126 3268 219 3317 tanuen
242 3275 278 3316 ne
295 3257 465 3336 praecordia
487 3256 556 3318 dura
577 3260 645 3336 sint,
667 3278 744 3320 neve
758 3280 798 3332 ea,
810 3270 950 3340 tumeant,
971 3281 1045 3323 neve
1069 3262 1121 3322 liu·

126 3360 182 3418 gua
199 3358 302 3418 aspera
318 3342 369 3417 sit,
391 3359 464 3400 neve
482 3350 529 3400 aut
544 3343 571 3400 iu
586 3342 680 3403 medio
698 3361 835 3424 corpore,
851 3354 897 3406 aut
913 3347 940 3406 in
959 3349 1054 3426 capite
1068 3345 1118 3405 do·
1130 3367 1153 3408 as

126 3425 172 3486 lor
188 3425 263 3484 ullus
279 3426 332 3502 sit,
348 3443 421 3485 neve
438 3434 494 3488 tum
510 3425 600 3486 febris
615 3427 767 3487 increscat.
801 3429 897 3508 Atque
913 3431 988 3488 iniis
1006 3430 1121 3509 quidem
