2444 3904
425 233 631 282 annonario
652 233 799 286 canica,
1027 237 1126 286 xxvss

60 435 65 441 .
96 391 129 449 in
150 389 276 460 margine
300 388 440 447 Constant.
483 391 586 462 legitur
667 407 813 466 somnoque
834 397 881 466 gat
900 394 993 467 facitis
1018 398 1126 468 napum·

95 475 161 541 scit,
179 475 321 544 ,vitataque
339 475 497 530 lassitudine
513 483 539 530 et
554 475 671 547 frigore.
710 479 782 548 apud
797 479 872 534 lind.
891 487 994 536 numm:
1016 493 1124 536 somno·

95 571 149 629 que
163 558 284 628 numquis
298 555 384 627 facite
400 559 562 628 adquiescit;
580 563 696 632 vitatque
711 562 893 618 lassitudinem
910 570 935 616 et
950 563 1071 634 frigora.
1083 589 1124 602 -

95 640 179 712 Apud
203 640 389 696 Philumenam
413 638 525 716 (Aetius
541 642 594 712 lX,
610 649 658 711 12,
674 659 703 714 p·
720 649 786 714 450,
810 660 834 698 a.
851 645 893 702 ed.
911 642 1021 718 steph.)
1043 661 1125 716 repe-

95 723 180 784 ritur:
210 737 322 778 somnus
342 725 539 794 procurandus
561 732 588 780 ct
607 728 681 796 quies
701 729 774 780 omni
798 728 884 782 moda.
922 728 1017 782 Nonne
1040 728 1125 784 verba

25 869 28 876 .
94 821 190 861 somno
274 809 422 878 acquiescit
435 808 575 877 glossema
584 815 655 865 ‘sunt
669 810 810 880 pertinens
825 811 871 866 ad:
893 811 1009 864 dormire
1023 817 1127 881 oportet
1196 849 1199 860 .

96 890 115 944 l.
138 897 190 958 33,
217 896 245 944 et
265 893 380 961 itemque
406 891 564 946 lassitudine
587 898 613 947 et
633 893 739 963 frigore
766 893 911 949 transierri
936 893 1038 950 debent
1062 898 1125 964 post

95 975 212 1029 verbum
231 973 384 1028 abstinere?
469 980 528 1045 145,
543 981 575 1034 31
595 977 685 1032 uinum
705 975 762 1043 [ael
774 981 889 1048 aquam]
907 966 1008 1044 illicce,
1025 976 1123 1045 Targa.

94 1085 139 1096 -
161 1058 238 1112 Duae
263 1073 350 1112 voees
376 1059 419 1114 uel
441 1075 541 1130 aquam
566 1058 706 1114 tollendae
731 1065 801 1114 sunt.
840 1060 936 1116 Celsus
958 1060 1029 1114 enirn
1046 1059 1125 1128 jubet

95 1141 246 1212 pluvialem
271 1157 369 1210 aquam
396 1141 539 1196 decoctam
560 1141 637 1212 potui
658 1141 734 1210 dari,
760 1144 848 1198 altero
868 1159 936 1198 vero
957 1142 1002 1197 die
1023 1144 1122 1198 vinum.

139 1228 227 1292 117,5
244 1229 270 1278 et
282 1225 337 1278 siae
351 1223 441 1295 frigus
455 1225 536 1291 sulit,
554 1225 653 1296 Targa.
667 1254 709 1265 -
728 1231 753 1280 et
768 1228 916 1298 sicennam
934 1223 1011 1298 (aum
1028 1221 1124 1298 codd.)

96 1324 132 1362 ex
157 1306 238 1362 libris
263 1307 382 1377 antiquis
416 1308 557 1364 revocavi.
671 1301 753 1379 *117,
777 1315 811 1368 28
840 1311 932 1379 Verba
960 1304 1124 1383 dvoavcspia

96 1391 204 1446 Graece
214 1395 337 1457 uocatur,
353 1407 388 1445 en
401 1392 570 1460 glossemate
582 1391 708 1462 prolecta
721 1409 784 1448 esse
797 1392 939 1458 videntum
958 1409 1041 1464 supra
1053 1391 1125 1448 enirn

93 1476 150 1545 jam
172 1473 285 1544 saepius
307 1470 359 1546 (ci.
378 1490 422 1528 ax.
441 1490 485 1543 gr.
509 1492 536 1545 p.
554 1481 597 1543 29,
611 1480 645 1534 29
663 1481 691 1530 et
706 1483 753 1540 35;
775 1483 819 1545 43,
836 1484 865 1541 1;
887 1482 931 1546 49,
946 1482 995 1539 22;
1017 1481 1077 1545 142,
1092 1481 1123 1544 3,

95 1565 159 1627 150,
174 1563 209 1614 22
224 1563 251 1610 et
264 1552 313 1628 35)
335 1573 432 1612 vooem
452 1560 566 1611 tormina
587 1558 710 1614 adhibuit
730 1559 843 1628 Celsus,
865 1560 941 1614 nulla
956 1559 1124 1629 interpreta-

95 1641 174 1696 tione
193 1639 308 1698 addita„
326 1639 484 1695 Neaminus
498 1640 564 1697 Cato
581 1638 634 1714 (R.
644 1641 680 1696 R.
693 1648 794 1712 156,5;
809 1647 869 1712 157,
880 1639 912 1714 9)
927 1643 1025 1698 eodem
1040 1657 1124 1696 sensu

93 1723 151 1780 hoc
165 1724 302 1780 vocabulo
317 1740 382 1778 usus
399 1729 450 1778 est.
475 1723 627 1780 Notandum
643 1731 787 1796 praeterea
803 1725 902 1780 nullam
918 1725 1124 1796 interpretatio-

94 1825 158 1864 nem
175 1807 323 1862 adhibitam
340 1807 428 1862 luisse
445 1823 505 1878 aap.
519 1814 553 1867 23
573 1809 653 1864 huius
667 1810 748 1879 libri,
766 1809 813 1864 ubi
829 1809 863 1864 de
880 1811 992 1865 levitate
1016 1807 1123 1864 intesti-

94 1907 193 1947 norum
210 1891 310 1960 agitur.
398 1897 457 1961 148,
473 1897 505 1948 12
527 1893 568 1946 ael
586 1907 624 1946 ca
645 1893 717 1946 dura
736 1896 824 1948 muria
840 1893 926 1946 edisse
940 1892 1025 1958 [cibos
1035 1893 1123 1962 potio·

93 1989 197 2044 aesque
214 1989 261 2028 cas
276 1988 345 2044 qaue
360 1976 513 2045 astringunt
526 1975 643 2046 aluumJ,
659 1976 757 2045 Targa.
770 2003 813 2020 a«
826 1976 972 2032 Membrum
989 1976 1067 2030 uncis
1082 1975 1123 2030 in-

94 2059 202 2114 clusum
218 2057 257 2112 nil
278 2057 332 2113 uisi
349 2058 474 2114 scholion
498 2059 561 2114 loeo
580 2075 630 2114 suo
646 2066 761 2125 motum;
789 2061 910 2131 pertinet
929 2061 1001 2114 enim
1023 2059 1057 2114 ad
1078 2073 1123 2114 re-

95 2141 223 2214 quantia:
247 2141 397 2204 1.21-·-22;
421 2147 531 2200 26-28.
551 2169 593 2183 -·
618 2142 817 2203 51135-37.
918 2149 984 2212 148,
999 2148 1033 2202 36
1054 2155 1125 2212 quae

92 2241 183 2296 supra
199 2224 395 2294 comprehensa
407 2229 478 2278 sunt.
492 2224 517 2291 -[
521 2224 671 2295 Valensque
688 2233 728 2280 est
741 2228 820 2280 etiam
834 2226 967 2280 aduersus
980 2239 1124 2279 cancerem

93 2311 282 2388 intestinorum
303 2309 378 2362 minii
394 2307 471 2378 plebe
495 2323 557 2362 cum
581 2310 646 2362 satis
665 2307 920 2372 neminemnam,
945 2309 970 2361 si
982 2309 1068 2360 mixta
1082 2306 1125 2360 nes

95 2410 168 2462 aqua
183 2395 212 2447 ln
229 2393 319 2448 aluum
334 2393 439 2461 daturJ,
456 2391 556 2461 Targa.
566 2419 609 2430 -
621 2390 772 2446 Adnotatio
790 2389 907 2466 margini
923 2388 1079 2460 adscripta,
1095 2394 1124 2443 nt

97 2476 184 2545 'larga
206 2476 267 2548 ipse
283 2481 374 2539 notat;
400 2491 452 2529 nee
473 2474 595 2530 meminit
614 2481 758 2530 enarrator
775 2474 882 2549 Celsum
903 2489 956 2528 non
980 2486 1124 2528 cancerem

94 2561 145 2616 sed
160 2559 266 2630 ubique.
277 2574 410 2614 cancrum
425 2559 584 2639 scripsisse.
669 2551 752 2628 *150,
768 2563 783 2618 7
802 2559 874 2612 duas
886 2559 1011 2627 potiones
1025 2561 1123 2616 sumat.

92 2644 129 2700 At
150 2658 257 2714 cquae,
286 2644 451 2698 actuariae
470 2643 559 2697 durae
578 2644 613 2697 sit
637 2642 763 2713 adjecta,
792 2644 881 2712 larga
901 2658 961 2696 curn
982 2640 1130 2712 plerisque

93 2727 176 2784 aoid.
192 2755 234 2766 —-
252 2727 321 2782 duas
336 2728 459 2796 potiones
478 2731 568 2782 sumai
582 2733 630 2780 aut
643 2741 731 2798 aquae
745 2727 786 2782 uel
799 2727 904 2780 muriae
918 2726 1006 2779 durae
1019 2725 1059 2778 sic
1072 2722 1123 2776 cd-

1 2829 2 2838 *
86 2813 200 2882 jactae,
217 2811 288 2866 nied.
305 2811 316 2866 l
335 2817 362 2864 et
377 2810 461 2880 antiq.
478 2811 540 2872 edd.
575 2811 681 2880 Legere
695 2811 775 2879 jubet
789 2811 892 2879 Targa:
919 2809 988 2862 duas
1000 2808 1124 2882 potiones

1 2916 2 2926 ¹
62 2947 69 2958 ,,
91 2900 186 2949 sumat
196 2909 285 2965 aquae
294 2896 339 2948 cui
349 2895 392 2948 sat
405 2895 447 2948 uel
458 2896 535 2948 tertia
545 2909 619 2964 pars
633 2895 740 2948 muriae
752 2895 840 2948 darae
853 2895 886 2947 sit
898 2892 1009 2960 adjecta
1022 2886 1122 2962 (videl.

92 2979 132 3034 ad
142 2974 347 3050 purgandam).
377 2977 553 3047 Emendatio,
574 2993 616 3032 me
630 2977 741 3046 judica,
757 2977 866 3032 minime
880 2981 958 3046 apta;
982 2973 1036 3030 hoe
1053 2971 1124 3028 enim

93 3063 294 3132 membrunrAt
308 3076 409 3132 agaae,
425 3067 478 3116 eta.
498 3061 562 3116 mitri
585 3061 698 3132 videtur
714 3060 885 3131 respondere
902 3059 935 3113 ad
951 3074 983 3112 ea
999 3073 1068 3127 quae
1083 3055 1124 3128 leq

92 3152 196 3214 guntur
209 3163 237 3216 p.
251 3150 310 3214 157,
320 3150 364 3204 23.
389 3145 517 3200 Fortasse
531 3144 683 3199 addendum
696 3150 755 3198 erat
769 3145 894 3202 marianae
909 3146 974 3212 post
984 3153 1082 3211 cquae.

92 3223 178 3297 *150,
195 3235 228 3288 35
249 3231 276 3282 in
289 3228 459 3293 torminibus,
476 3227 565 3306 Targa
583 3243 643 3282 eum
658 3227 837 3282 Constantino
853 3223 898 3296 qui
915 3225 997 3280 docet
1016 3223 1123 3278 Celsum

92 3311 161 3368 alibi
179 3312 280 3366 eodem
295 3312 376 3366 modo
393 3312 480 3381 loqui,
495 3327 537 3364 ex.
549 3327 591 3380 gr.
601 3311 648 3380 lV,
663 3316 704 3378 12,
721 3327 746 3380 p.
760 3315 820 3378 136,
832 3315 879 3372 22;
893 3309 954 3377 Vll,
966 3315 1009 3376 33,
1022 3325 1048 3378 p.
1063 3310 1124 3373 322,

91 3401 137 3456 17.
166 3397 196 3450 in
214 3396 330 3449 tormina
345 3394 409 3450 libri
426 3393 547 3464 antiqui,
563 3411 632 3466 quae
647 3393 730 3448 lectio
749 3391 854 3448 servari
870 3397 976 3463 potest;
991 3387 1125 3452 ¹sermoni

1 3543 2 3546 Ἴ
92 3479 168 3535 enim
190 3479 321 3534 Celsiano
346 3493 401 3534 non
425 3482 569 3550 repugnat.
663 3481 723 3548 152,
743 3481 812 3536 5-6
830 3478 899 3548 pira
919 3474 1055 3530 tarentina
1071 3507 1124 3530 ....
