2444 3904
421 223 489 270 nra.
502 222 538 270 11.
555 220 629 269 cae.
645 223 704 270 v11.
1016 209 1056 270 39

58 391 93 444 nt
108 393 187 460 quae
202 379 306 456 aliquis
320 377 348 438 in
364 376 484 454 singulis
500 375 662 436 morborum
677 375 831 452 generibus
845 374 954 437 babere
965 377 1058 455 possit

58 475 169 539 notas,
192 463 322 524 indicem.
368 460 512 536 Quaedam
535 469 628 520 autem
654 468 832 537 sunt,·quae
858 471 923 522 arrte
946 461 1057 536 febres,

60 547 212 628 quaedam
230 563 303 628 quae
318 546 393 608 inter
408 561 475 619 eas,
490 542 556 622 quid
571 553 618 604 aut
630 545 703 602 intus
718 543 769 618 sit,
786 552 833 602 aut
846 554 994 604 venturum
1009 546 1056 620 sit,

62 631 235 694 ostendunt.
263 629 338 688 Ante
358 627 473 702 febres,
496 629 520 686 si
540 636 625 704 caput
646 645 736 703 gram
758 635 817 701 est,
840 637 888 688 aut
902 646 940 686 ex
957 645 1057 688 somno

42 715 147 778 coculi
165 715 301 791 caligant,
318 722 366 772 aut
381 712 542 790 frequentia
559 719 780 771 sternutamenta
794 719 867 786 eunt,
886 712 962 772 eirca
974 721 1058 788 caput

64 801 172 877 aliquis
188 799 307 876 pituitae
325 799 446 874 impetus
461 796 554 854 timeri
569 803 675 872 potest.
713 795 743 854 Si
758 795 890 871 sanquis,
911 804 959 854 aut
978 795 1059 854 calor

65 881 202 958 abundat,
220 881 381 960 proximum
397 888 456 954 est,
478 888 507 938 ut
522 877 617 956 aliqua
629 887 711 956 parte
730 877 899 955 profluvium
914 880 1059 955 sanguinis
1116 934 1122 944 .
1203 929 1205 942 .

67 968 126 1028 fiat.
164 967 197 1026 si
218 966 282 1024 sine
301 982 389 1026 ¹carrusa
412 965 475 1041 quis
499 964 684 1036 emacrescit,
706 980 742 1020 nc
763 963 790 1020 irr
812 961 913 1022 malum
934 961 1059 1030 habitum

70 1067 178 1127 corpus
194 1049 258 1124 ejus
274 1048 404 1125 decidat,
429 1056 520 1106 metus
542 1054 595 1106 est.
633 1046 663 1104 Si
686 1045 857 1122 praecordia
878 1045 993 1122 dolent,
1013 1054 1060 1108 aut
1166 1053 1169 1063 “

38 1133 181 1194 scindatio
200 1132 299 1209 gravis
321 1140 381 1208 est,
404 1140 452 1192 aut
476 1139 536 1190 toto
560 1129 606 1190 die
625 1146 682 1188 non
704 1137 844 1188 concocta
864 1129 955 1190 fertur
970 1131 1059 1204 urina,

74 1216 242 1278 cruditatem*
254 1233 320 1276 esse
337 1215 516 1275 manifestum
533 1222 588 1272 est.
607 1212 717 1288 Quibus
731 1212 778 1272 diu
793 1212 875 1273 color
886 1215 948 1274 sine
959 1213 1060 1274 morbo

68 1302 151 1378 regio
166 1299 259 1361 malus
281 1308 340 1372 eet,
362 1298 391 1359 bi
413 1298 462 1358 vel
481 1298 582 1376 capitis
603 1296 752 1358 doloribus
776 1297 988 1375 conflictantur,
1013 1297 1062 1358 vel
1137 1309 1141 1320 ·

67 1394 174 1446 terram
201 1383 288 1442 edunt
311 1381 453 1460 (Prorrlr.
476 1380 518 1457 ll,
542 1381 562 1456 §
584 1381 652 1459 31).
686 1381 740 1455 Qui
762 1380 809 1440 diu
829 1380 936 1446 babent
955 1381 1062 1442 faciem

67 1467 207 1545 pallidam
230 1475 258 1526 et
277 1465 426 1540 tumidam,
454 1473 501 1524 aut
523 1466 633 1542 capite,
656 1473 704 1526 aut
724 1464 907 1540 visceribus,
926 1475 974 1526 aut
992 1466 1061 1546 alvo

36 1573 61 1614 re
68 1550 212 1612 laborant.
247 1551 276 1609 Si
292 1552 320 1610 in
335 1550 467 1610 continua
481 1547 565 1611 febre
581 1565 671 1625 puero
687 1557 788 1608 venter
802 1548 872 1609 nihil
884 1549 987 1624 reddit,
1002 1567 1060 1608 mu-

70 1644 203 1712 taturque
219 1635 247 1692 ei
266 1634 363 1709 color,
385 1651 480 1712 neque
496 1650 611 1694 somnus
626 1632 755 1706 accedit,
774 1631 928 1710 ploratque
945 1632 970 1692 is
990 1633 1060 1692 asei-

68 1719 134 1792 due,
151 1717 306 1778 metuenda
321 1734 474 1777 nervorum
490 1717 623 1777 distentio
644 1727 698 1778 est.
731 1714 882 1796 Frequens
897 1725 991 1779 autem
1011 1717 1060 1777 de·

65 1801 188 1862 stillatio
213 1802 242 1860 in
263 1814 387 1879 corvpore
411 1803 488 1862 tenui
511 1802 673 1880 longoque,
700 1802 794 1863 tabem
819 1800 969 1864 timendam
994 1818 1061 1862 esse

66 1893 201 1954 testatur.
240 1883 294 1944 Ubi
314 1884 442 1962 pluribus
468 1885 569 1948 diebus
591 1903 648 1946 non
669 1886 818 1948 descendit
841 1886 939 1961 aluus,
963 1887 1060 1959 docet,

35 1977 114 2032 mant
130 1965 255 2028 subitam
269 1969 478 2044 dejectionem,
500 1979 547 2028 aut
562 1969 729 2030 febriculam
747 1972 865 2030 instare.
898 1969 954 2030 Ubi
970 1971 1061 2048 pedes

66 2060 196 2128 turgent,
212 2051 316 2127 longae
332 2053 512 2126 dejectiones
526 2063 603 2122 sunt;
626 2053 675 2114 ubi
695 2053 780 2114 dolor
796 2054 894 2114 inimo
916 2064 1017 2114 uentre
1033 2064 1062 2114 et

67 2137 151 2195 coxis
167 2143 230 2210 est,
251 2153 325 2212 aqua
340 2137 413 2195 inter
433 2145 526 2196 cutem
541 2138 640 2204 iustam
668 2137 720 2196 sed
738 2137 795 2196 boo
810 2137 902 2198 morbi
916 2156 1008 2214 genus
1024 2137 1060 2198 ab

65 2219 153 2280 ilibus
170 2219 242 2280 oriri
257 2219 333 2278 solet
354 2218 482 2296 (Proque.
501 2219 522 2293 §
539 2218 584 2296 8).
614 2219 693 2280 Idem
709 2220 887 2297 propositum
902 2221 1061 2299 periculum

69 2310 115 2361 est
127 2303 175 2373 iis,
193 2301 298 2380 quibus
310 2302 440 2362 voluntas
451 2300 599 2363 desidendi
612 2311 671 2377 est,
687 2312 789 2362 venter
803 2302 873 2362 nihil
887 2303 990 2379 reddit,
1007 2305 1062 2364 nisi

39 2407 63 2448 u
72 2393 102 2444 et
111 2402 199 2462 aegre
211 2394 241 2444 et
253 2385 361 2461 durum,
373 2395 466 2446 tumor
475 2387 503 2444 in
515 2385 636 2464 pedibus
646 2395 699 2462 est,
710 2386 842 2464 idemque
851 2386 936 2447 modo
948 2387 1060 2463 dextra,

71 2469 155 2528 modo
182 2469 297 2528 sinistra
321 2480 401 2547 parte
429 2471 553 2545 ventris,
581 2470 703 2532 invicem
727 2471 818 2531 oritur
843 2479 928 2548 atque
956 2467 1059 2532 finitur.

37 2596 40 2601 ,
67 2551 128 2612 Sed
138 2570 154 2612 a
164 2554 295 2613 iecinore
306 2553 334 2612 id
346 2554 448 2614 malurn
458 2555 606 2632 proficisci
616 2553 729 2613 uidetur
738 2553 868 2633 (Proqn.
882 2555 903 2630 ὃ
915 2555 960 2634 8).
976 2553 1060 2632 Ejus·
1115 2610 1122 2630 ,

65 2635 132 2696 dem
146 2636 241 2696 morbi
252 2646 319 2697 nota
332 2647 393 2712 est,
408 2637 456 2696 ubi
471 2639 547 2698 circa
558 2637 720 2698 umbilicum
735 2638 866 2700 intestina
881 2647 1059 2717 torquentur,

65 2711 239 2800 στρόφους
249 2719 354 2782 Graeci
366 2721 522 2790 nominant;
537 2739 686 2800 coxaeque
699 2721 818 2782 dolores
829 2732 956 2784 manent:
968 2741 1060 2801 eaque

33 2821 164 2882 nonoque
178 2812 322 2882 tempore,
339 2823 434 2883 neque
449 2805 583 2867 remediis
606 2805 763 2866 solvuntur.
796 2805 889 2868 Dolor
905 2815 998 2866 autem
1014 2825 1059 2866 ar·

64 2887 234 2962 ticulorum,
247 2897 332 2966 prout
342 2889 370 2948 iu
382 2887 513 2966 pedibus,
526 2889 702 2972 manibusve,
715 2898 763 2948 aut
776 2889 831 2950 alia
841 2889 967 2967 qualibet
977 2898 1058 2968 parte
1106 2902 1109 2913 ·

63 2972 108 3030 sic
125 2979 184 3047 est,
199 2979 230 3030 ut
245 2989 280 3032 eo
298 2972 365 3032 loco
381 2973 460 3031 nerui
478 2973 692 3044 contrabantur:
708 2982 755 3032 aut
770 2975 795 3034 si
807 2973 835 3033 id
850 2973 1006 3034 membrum
1021 2991 1058 3034 ex

63 3053 125 3114 leni
139 3049 229 3114 causa
243 3056 401 3132 fatigatum,
420 3073 513 3134 aeque
527 3057 633 3133 frigido
649 3057 800 3134 calidoque
817 3056 985 3133 offenditur,
1005 3075 1057 3136 po·

64 3137 203 3214 degram,
227 3139 440 3219 chiragramve,
457 3140 505 3199 vel
518 3142 581 3216 ejus
602 3140 726 3214 articuli,
750 3143 855 3218 inquo
876 3141 904 3200 id
927 3142 1058 3217 sentitur,

34 3221 199 3281 omorbum
215 3221 338 3282 futurum
355 3242 422 3284 esse
439 3224 593 3285 denuntiat.
628 3223 737 3296 Quibus
746 3225 786 3283 on
802 3225 922 3301 pueritia
942 3227 1059 3303 sangnis

8 3307 10 3310 '
68 3322 105 3364 ex
120 3303 241 3366 naribus
259 3307 354 3383 fluxit,
379 3307 443 3366 dein
457 3307 547 3368 fluere
563 3308 663 3382 desiit,
687 3308 714 3366 hi
728 3308 777 3369 rel
794 3310 894 3386 capitis
910 3309 1062 3369 doloribus

68 3389 272 3449 conflictentur
286 3409 409 3454 necesse
425 3401 478 3466 est,
498 3391 546 3450 vel
560 3393 587 3450 in
603 3392 729 3452 articulis
743 3391 852 3468 aliquas
867 3393 1057 3452 exulceratio·

66 3489 119 3534 nes
129 3471 240 3551 gravies
251 3472 385 3552 babeant,
400 3475 448 3536 vel
461 3476 557 3554 aliquo
569 3474 670 3538 morbo
686 3475 769 3536 etiam
781 3475 973 3536 debilitentur.
990 3474 1057 3548 Qar-
