2392 3906
162 211 222 274 loo
455 222 487 268 Α.
504 221 533 268 c.
551 218 649 267 onum
663 215 856 266 muniemus

162 379 277 458 parcius
294 385 387 436 tamen
404 376 492 451 iniis,
510 375 557 453 qui
572 374 654 433 nimis
670 373 791 448 hilares,
807 387 890 450 quam
906 373 934 429 in
951 371 994 446 iis,
1010 368 1055 448 qui
1070 368 1134 426 ulmis

160 463 259 522 tristes
280 470 353 520 sunt.
386 460 536 520 Adversus
557 458 679 517 omnium
701 465 794 515 autem
815 457 858 515 sie
878 455 1074 514 insanientium
1091 452 1135 512 ani·

160 563 223 604 mos
246 563 353 622 gerere
374 561 406 603 se
428 562 481 622 pro
503 544 642 620 cujusque
663 550 762 599 natura
782 540 977 599 necessarium
992 545 1047 596 est.
1076 536 1136 610 Quo

161 628 288 690 rumdam
303 629 377 688 enim
393 630 457 688 vani
472 635 563 686 metus
579 624 693 684 levandi
708 633 785 692 suut:
805 627 881 683 sieut
897 625 926 682 iu
941 622 1055 682 homine
1071 635 1137 699 praa·

161 713 249 772 divite
267 714 370 772 lamem
386 713 502 771 timente
524 709 636 783 incidit,
662 709 707 768 eui
722 707 842 768 subinde
857 706 948 767 falsae
979 704 1152 764 hereditatem

161 795 375 856 nuntiabantur:
392 793 578 873 quorumdam
592 792 711 852 audacia
727 791 891 851 coercenda
908 799 969 858 eat;
991 791 1065 848 deut
1078 787 1103 844 in
1114 786 1139 842 iis

161 883 199 954 lut,
216 883 244 939 iu
259 879 361 957 quibus
377 877 557 938 continendis
572 877 678 955 plagae
693 893 809 955 quoque
822 874 1007 936 adhibentur:
1025 887 1138 951 quorum·

161 964 225 1024 dam
241 965 324 1022 etiam
342 963 558 1042 intempestivus
574 961 649 1020 risus
661 969 690 1020 et
702 960 906 1037 objurgatione
918 968 947 1018 et
960 959 1042 1016 minis
1061 956 1139 1014 linien·

160 1049 227 1108 dus:
250 1046 435 1123 quorumdam
456 1045 652 1104 discutiendae
673 1044 770 1104 tristes
792 1031 1057 1119 cogitationes3'ad
1080 1035 1140 1116 qnod

161 1130 365 1207 symphoniae,
398 1138 426 1188 et
454 1128 599 1204 cymbala,
626 1131 821 1207 strepitusque
845 1127 1006 1207 proliciunt.
1036 1123 1159 1200 Saepiusu

161 1223 256 1274 tamen
269 1213 491 1286 assentiendum,
509 1231 592 1291 quam
604 1212 820 1290 repugnandum
835 1219 894 1280 est;
911 1209 1109 1289 paulatimque,
1122 1211 1141 1262 el

161 1314 219 1356 non
233 1295 398 1372 evidenter,
421 1296 457 1356 ab
472 1299 520 1371 iis,
537 1315 611 1374 quac
627 1297 712 1355 stulte
729 1295 873 1370 dicentur,
890 1294 926 1354 ad
943 1294 1064 1353 meliora
1078 1305 1141 1349 mens

161 1379 338 1440 adducenda.
372 1380 515 1440 Interdum
538 1382 623 1439 etiam
645 1380 786 1439 elicienda
806 1379 897 1457 ipsius
916 1379 1053 1443 intentio;
1077 1384 1104 1434 ut
1122 1371 1143 1430 b

161 1467 190 1524 iu
211 1463 370 1524 hominibus
397 1464 533 1524 studiosis
554 1463 726 1541 litterarum,
750 1462 853 1543 quibus
874 1461 949 1522 liber
966 1462 1087 1537 legitur,
1108 1461 1141 1515 aul

161 1558 253 1623 recte,
270 1551 294 1607 si
311 1548 502 1626 delectantur,
517 1557 566 1608 aut
580 1566 750 1626 perperam,
767 1547 791 1606 si
806 1547 834 1606 id
847 1547 941 1625 ipsum
956 1561 1009 1605 eos
1025 1541 1158 1603 obauditus

162 1631 342 1693 emendando
366 1635 440 1693 enim
457 1642 630 1692 convertere
654 1633 774 1692 animum
794 1632 943 1710 incipiunt.
978 1626 1140 1704 Quinetiam

161 1717 298 1791 recitare,
314 1718 339 1774 si
354 1733 410 1794 qua
423 1719 621 1792 meminerunt,
640 1716 764 1792 cogendi
777 1724 850 1774 sunt.
881 1714 927 1773 Ad
938 1713 1033 1773 cibum
1045 1723 1140 1789 quoque

162 1798 303 1877 quosdam
318 1814 375 1858 nou
392 1799 591 1860 desiderantes
608 1799 785 1859 reduxerunt
800 1800 835 1873 ii,
857 1799 904 1877 qui
920 1799 994 1857 iuter
1010 1795 1141 1876 epulantes

162 1899 216 1942 eos
239 1882 426 1942 collocarunt.
460 1882 596 1942 Omnibus
615 1901 686 1942 vero
708 1885 750 1942 sic
772 1883 884 1942 allectis
906 1899 1023 1943 somnus
1039 1889 1067 1939 et
1086 1874 1140 1936 dili·

162 1966 241 2040 cilis,
266 1971 295 2024 et
316 1967 473 2044 praecipue
490 1969 673 2027 necessarius
689 1976 749 2027 est:
772 1967 824 2026 sub
846 1966 903 2026 hoc
926 1967 1001 2025 enim
1028 1964 1159 2044 plerique

162 2059 325 2110 sauesount.
361 2049 485 2110 Prodest
513 2051 549 2110 ad
577 2052 622 2126 id,
650 2061 735 2130 atque
756 2054 839 2110 etiam
866 2049 902 2109 ad
923 2057 1047 2109 mentem
1067 2049 1140 2124 ipsam

163 2135 406 2211 componendam,
432 2137 576 2196 crocinum
591 2145 765 2212 unguentum
781 2153 843 2194 cum
857 2137 930 2193 irino
953 2136 979 2193 in
1004 2140 1089 2212 eaput
1107 2126 1140 2185 da·

161 2227 229 2277 trum.
253 2219 282 2277 Si
298 2218 479 2280 nihilominus
495 2220 625 2297 vigilant,
642 2219 755 2298 quidam
771 2237 898 2278 somnum
910 2218 1064 2277 moliuntur
1079 2208 1140 2292 potui

162 2301 255 2362 dando
279 2319 399 2380 aquam,
421 2306 450 2362 iu
470 2323 526 2382 qua
546 2322 691 2383 papauer,
715 2312 761 2363 aut
781 2303 986 2377 hyoscyamum
1007 2301 1141 2361 decoctum

162 2389 215 2444 sit:
238 2386 284 2445 alii
307 2387 517 2463 mandragorae
538 2389 613 2447 mala
628 2386 744 2466 puluino
762 2386 929 2460 subjiciunt:
953 2386 1002 2445 alii
1020 2384 1067 2444 vel
1081 2387 1174 2446 ames,

162 2487 252 2541 mum,
273 2470 321 2529 vel
335 2473 472 2544 sycamini
483 2471 629 2532 lacrimam
638 2471 726 2530 fronti
738 2468 883 2529 inducunt.
915 2467 1105 2548 Asclepiades
1117 2477 1141 2518 er

163 2569 344 2628 supervacua
359 2571 426 2612 esse
443 2553 528 2621 dixit;
554 2556 686 2632 quoniam
708 2555 736 2611 in
754 2552 915 2630 lethargum
932 2572 1023 2632 saepe
1037 2563 1140 2612 conver·

162 2643 264 2692 terent.
295 2634 450 2713 Praecepit
464 2645 574 2711 autem,
589 2645 620 2694 ut
637 2635 791 2712 primodie
807 2655 822 2697 a
841 2637 916 2715 cibo,
931 2640 1066 2718 potione,
1082 2645 1140 2691 sou·

162 2735 200 2776 no
216 2715 423 2787 abstineretur;
446 2736 571 2796 vespere
593 2720 620 2777 ei
640 2717 755 2778 daretur
770 2722 850 2800 potui
872 2740 962 2801 aqua;
983 2731 1042 2780 tum
1061 2714 1140 2778 irictio

163 2800 365 2860 admoveretur
380 2801 463 2876 lenis,
479 2811 558 2860 utne
572 2819 682 2862 manum
695 2803 824 2882 quidem,
841 2808 888 2884 qui
905 2806 1088 2885 perfricaret,
1104 2803 1160 2855 vel

163 2886 312 2946 hementer
332 2885 522 2962 imprimeret:
547 2895 667 2964 postero
689 2889 793 2949 deiude
816 2890 877 2966 dic,
905 2890 1006 2950 iisdem
1028 2882 1140 2950 omnibus

162 2971 262 3041 lactis,
278 2986 405 3046 vespere
421 2971 448 3030 ei
462 2970 576 3046 daretur
590 2971 710 3032 sorbitio
728 2981 757 3032 et
772 2985 860 3052 aqua,
882 2992 1039 3052 rursusque
1060 2966 1139 3030 triuio

164 3052 362 3112 adhiberetur:
385 3054 534 3132 perhanc
556 3057 628 3114 enim
651 3073 705 3115 nos
729 3067 973 3136 consequuturos,
997 3068 1028 3117 ut
1042 3061 1140 3116 somnus

163 3136 293 3198 accedat.
323 3136 355 3196 ld
370 3137 509 3198 interdum
525 3140 565 3212 lit,
584 3147 613 3196 et
628 3139 741 3217 quidem
756 3141 847 3216 adeo,
862 3152 907 3218 ut,
922 3142 973 3201 illo
989 3142 1136 3201 confitente

164 3221 247 3280 nimia
264 3219 359 3280 lrlotio
371 3224 454 3282 etiarn
466 3222 589 3299 lethargi
603 3224 761 3300 perieulum
772 3225 882 3284 aderat.
913 3226 970 3285 Sed
983 3228 1007 3284 si
1022 3229 1064 3284 sic
1078 3221 1159 3280 som-lt

164 3322 217 3363 uus
232 3319 288 3363 non
304 3309 443 3384 accessit,
460 3316 523 3366 ‘tum
538 3306 648 3366 demum
668 3307 724 3366 illis
739 3308 953 3370 medicamentis
968 3301 1139 3369 arcessendus

164 3397 224 3447 est:
240 3387 336 3448 habita
351 3390 465 3450 scilicet
480 3391 578 3450 eadem
594 3391 808 3466 moderatione,
828 3411 901 3470 quac
916 3395 962 3453 hic
978 3407 1087 3472 quoqne
1101 3399 1137 3442 nr

166 3473 294 3537 cessaria
315 3481 375 3550 est,
396 3492 433 3532 ne
455 3492 538 3553 quem
555 3474 718 3534 obdormire
735 3477 881 3554 volumus,
906 3481 1032 3540 excitare
1054 3477 1137 3555 postea
1171 3539 1173 3582 ἵ
