2444 3904
163 178 200 238 16
454 188 486 236 n.
501 187 850 237 c.onns1nnnrornan

1209 329 1211 376 l

160 363 240 419 nera,
255 352 284 404 et
297 351 418 420 aetates,
437 331 470 402 εἰ
480 351 609 422 tempora
621 345 695 402 anni.
720 342 791 402 Nam
806 359 900 419 neque
912 359 951 400 ex
964 340 1071 402 salubri
1083 340 1154 400 loco

161 433 189 488 in
202 445 336 504 gravem,
357 445 452 505 nequa
467 445 505 488 ex
519 428 601 503 gravi
617 429 645 485 in
663 425 806 486 salubrem
828 425 963 486 transitus
984 426 1054 485 satis
1077 433 1154 484 tutus

161 523 214 572 est.
248 511 294 572 En
309 510 416 571 salubri
431 512 460 572 in
474 525 610 586 gravem,
627 511 717 588 prima
731 509 839 578 bieme;
862 527 899 568 ex
921 511 1003 586 gravi
1024 510 1053 567 in
1077 526 1154 582 enm,

162 598 209 675 qui
233 595 353 656 salubris
372 603 433 671 est,
459 595 548 672 prima
570 603 680 654 aestate
699 595 821 652 transire
841 593 942 652 melius
964 601 1018 651 est.
1048 589 1154 670 Neque
1210 619 1211 628 2

161 697 233 742 vero
249 699 286 739 en
300 678 386 739 multa
401 679 475 738 lame
492 678 575 736 nimia
591 679 723 746 satietas;
747 693 841 755 neque
866 694 904 736 ex
921 677 1006 736 nimia
1021 675 1177 736 satietates

161 765 251 825 fames
268 763 371 824 idonea
386 772 431 821 est
453 760 509 840 (cl.
525 757 604 838 Apu.
620 761 665 837 ll,
682 761 730 837 4).
773 759 1030 837 Periclitaturque,
1054 769 1084 818 et
1106 760 1155 836 qui

162 849 261 923 semel,
275 858 303 907 et
318 849 365 925 qui
379 845 424 904 bis
435 844 480 904 die
499 843 591 904 cibum
608 847 835 920 incontinenter,
857 854 957 904 contra
970 842 1153 904 consuetudi·

160 951 235 1010 nem,
246 933 361 992 assumit
375 929 482 1008 (Hipp.
502 925 576 988 Vict.
589 935 651 988 rut.
664 933 744 988 ucat.
761 928 782 1003 §
794 928 840 1004 9).
861 927 934 988 ltem
947 945 1041 1006 neque
1057 947 1097 988 ex
1112 927 1153 986 ni·

160 1019 215 1077 mio
232 1015 332 1075 labore
348 1015 471 1073 subitum
491 1013 587 1087 otium,
605 1030 699 1090 neque
714 1029 752 1071 ex
765 1013 850 1072 nimio
864 1013 923 1072 otio
937 1012 1046 1072 subitus
1058 1010 1153 1084 labor,

160 1104 221 1159 sine
236 1099 318 1174 gravi
334 1115 410 1156 nona
425 1105 478 1155 εει.
521 1095 612 1172 Ergo,
629 1115 713 1173 quum
728 1097 792 1173 quis
805 1105 914 1156 mutare
932 1095 1039 1174 aliquid
1061 1095 1181 1168 uolet,1o
1209 1109 1211 1130 ι

159 1183 293 1262 paulatim
315 1180 432 1240 debebit
451 1196 622 1239 assuescere
641 1178 736 1258 (Apu.
750 1180 791 1258 ll,
814 1181 883 1257 50).
929 1179 1046 1238 Omnem
1068 1180 1153 1237 etiam
1210 1183 1211 1234 l

159 1265 287 1325 laborem
301 1265 412 1323 facilius
426 1263 472 1322 vel
487 1281 569 1342 puer
566 1265 615 1324 vel
628 1281 728 1337 senex,
746 1282 829 1342 quarn
846 1264 974 1324 insuetus
988 1261 1075 1322 homo
1090 1279 1151 1321 sus·
1209 1269 1211 1328 l

160 1352 230 1409 tinet
254 1345 347 1425 (Aple.
364 1347 496 1424 11,49).
538 1346 635 1426 Atque
656 1347 721 1407 ideo
741 1365 856 1426 quoque
878 1349 960 1406 nimis
983 1347 1079 1406 otiosa
1095 1345 1153 1404 vita

159 1433 235 1493 utilis
256 1450 315 1491 non
339 1440 396 1499 εει;
418 1431 483 1508 quia
504 1440 601 1509 potest
621 1427 749 1490 incidere
774 1431 883 1493 laboris
905 1431 1077 1490 necessitas.
1123 1428 1152 1487 Si

160 1516 273 1596 quando
288 1525 381 1576 tamen
397 1516 524 1574 insuetus
541 1514 644 1593 aliquis
663 1513 824 1591 laboravit,
847 1524 895 1574 aut
918 1516 942 1574 si
963 1513 1052 1572 multo
1076 1513 1180 1592 plus-15

160 1619 243 1679 quam
258 1599 343 1675 solet,
362 1600 446 1658 etiarn
462 1601 500 1674 is,
522 1600 569 1676 qui
589 1601 732 1675 assuevit,
754 1599 819 1659 huic
837 1600 939 1674 jejuno
956 1597 1152 1657 dormiendum

160 1694 218 1744 est:
234 1683 321 1742 multo
336 1684 438 1758 magis,
458 1683 482 1740 si
497 1684 581 1742 etiam
598 1700 632 1740 os
646 1700 770 1742 amarum
787 1692 841 1758 est,
857 1683 904 1742 vel
922 1681 999 1742 oculi
1016 1680 1152 1758 caligant,

159 1771 207 1828 aut
222 1776 322 1826 venter
338 1765 528 1844 perturbatur.
573 1765 642 1826 'lum
661 1767 735 1825 enim
750 1785 806 1827 non
821 1765 1017 1826 dormiendum
1032 1773 1151 1824 tantum·

159 1851 243 1910 modo
255 1852 356 1925 Jejuno
369 1858 428 1925 est,
451 1848 502 1908 sed
518 1851 601 1908 etiarn
617 1850 644 1907 in
659 1858 806 1927 posterum
821 1851 896 1910 diem
913 1849 1150 1929 permanendum
1209 1859 1211 1934 i

159 1937 212 1995 nisi
231 1937 287 1994 cito
303 1933 332 1992 id
344 1935 425 2012 quies
437 1933 557 1992 sustulit.
581 1933 664 2007 Quod
679 1936 702 1992 si
714 1935 819 1996 lactum
836 1945 897 2011 est,
919 1950 1041 2010 surgere
1063 1950 1179 2010 opor-n
1209 1955 1210 1958 ¹

159 2028 215 2093 tet,
238 2028 267 2077 et
290 2018 367 2077 lente
389 2016 532 2094 paululum
552 2016 709 2077 ambulare.
749 2020 789 2078 At
814 2021 837 2078 si
868 2019 960 2078 somni
991 2018 1152 2075 necessitas

159 2121 215 2164 non
232 2101 294 2177 luit,
311 2104 375 2180 quia
388 2099 503 2160 modice
518 2103 609 2177 magis
623 2102 726 2178 aliquis
748 2102 906 2176 laboravit,
928 2110 1022 2161 tamen
1039 2099 1152 2176 ingredi

159 2186 266 2265 aliquid
281 2186 382 2245 eodem
397 2184 483 2244 modo
498 2184 594 2244 debet
639 2184 804 2246 Communia
820 2186 923 2246 derude
943 2181 1074 2242 omnibus
1090 2191 1152 2242 sunt
1209 2245 1210 2254 ¹

159 2281 225 2372 post
242 2271 439 2347 fatigationem
449 2268 542 2328 cibum
557 2273 721 2348 sumpturis,
735 2270 782 2329 ubi
796 2271 910 2348 paulum
923 2265 1151 2339 ambulaverunt,
1209 2279 1210 2292 ι

159 2355 331 2416 srbalneum
347 2362 477 2430 nonest,
494 2354 587 2414 calido
604 2355 688 2430 loco,
708 2355 807 2413 velm
830 2353 909 2426 sole,
927 2351 973 2410 vel
996 2349 1177 2425 adignemn

86 2501 88 2508 ,
159 2441 238 2515 ungi,
255 2440 339 2517 atque
357 2438 474 2504 sudare;
496 2440 519 2496 si
543 2447 604 2511 est,
625 2445 691 2496 ante
713 2437 804 2497 omnia
828 2438 855 2494 in
876 2433 1018 2513 tepidario
1036 2433 1150 2508 sedere,

160 2520 277 2596 deinde,
300 2521 348 2578 ubi
370 2521 484 2596 paulum
506 2523 743 2596 conquieverunt,
759 2521 866 2579 intrare
881 2529 910 2578 et
924 2517 1133 2578 descendere
1125 2535 1152 2576 ru

160 2605 276 2670 solium;
294 2613 351 2661 tum
365 2603 453 2661 multo
471 2603 537 2662 oleo
554 2601 632 2677 ungi,
649 2601 808 2680 leniterque
826 2602 993 2681 perfricari,
1008 2603 1110 2660 iterum
1125 2602 1152 2660 in

159 2687 261 2747 solium
272 2685 467 2744 descendere:
486 2694 552 2764 post
568 2684 640 2743 baec
655 2702 689 2744 οε
705 2705 777 2764 aqua
790 2687 895 2761 calida,
919 2683 1024 2745 deinde
1047 2684 1150 2782 lrigida

159 2771 271 2830 lovere
298 2768 433 2828 Balneum
450 2767 495 2826 lris
512 2768 629 2826 ferrens
646 2767 778 2828 idoneum
797 2765 856 2830 noir
873 2778 927 2828 est.
963 2768 1045 2844 llrgo
1070 2770 1094 2826 si
1112 2769 1149 2826 ni-
1140 2777 1177 2818 -ιι

160 2856 244 2913 mium
259 2853 343 2913 alicui
357 2851 479 2928 fatigato
498 2869 589 2928 paene
610 2851 701 2911 lebris
723 2863 784 2930 est,
803 2855 868 2914 huic
886 2851 999 2913 abunde
1023 2860 1069 2910 est
1083 2851 1150 2912 loco

160 2937 258 3015 tepido
277 2937 425 2996 demittere
444 2953 475 2994 se
493 2934 654 3011 inguinibus
673 2940 779 2996 tenus
771 2957 799 2996 rn
818 2955 918 3015 aquarn
942 2934 1081 3010 calidam,
1107 2937 1150 2995 cui

161 3021 274 3101 paulum
290 3020 348 3081 olei
363 3021 399 3078 sit
413 3018 571 3093 adJ'ectum;
592 3019 694 3080 deinde
706 3030 795 3082 toturn
807 3021 919 3100 quidem
932 3036 1050 3096 corpus,
1063 3022 1148 3079 maxi·

159 3122 205 3164 me
220 3113 314 3164 tamen
329 3119 379 3162 eas
400 3112 512 3181 partes,
539 3120 612 3180 quae
637 3105 665 3163 in
688 3123 761 3182 aqua
784 3105 906 3178 inerunt,
927 3102 1029 3162 leniter
1048 3103 1147 3180 periri·

161 3205 228 3247 care
246 3207 283 3248 ex
298 3187 376 3262 oleo,
391 3188 436 3246 cui
448 3188 541 3246 vinum
556 3194 585 3246 et
599 3187 712 3264 paulum
728 3190 842 3248 contriti
857 3188 924 3250 salis
940 3187 977 3245 sit
995 3185 1177 3260 adjectumtt

160 3272 229 3332 Post
244 3272 317 3332 baec
337 3270 465 3330 omuibus
483 3270 609 3347 fatigatis
630 3281 725 3349 aptum
746 3281 791 3332 εει
810 3272 902 3332 cibum
919 3285 1041 3345 sumere,
1055 3288 1147 3349 eoque
1207 3299 1208 3324 r

160 3355 273 3416 humido
289 3357 344 3424 uti;
363 3371 452 3431 aqua,
472 3355 520 3415 rel
541 3363 621 3414 certe
643 3355 729 3416 diluta
750 3358 869 3435 potione
888 3371 954 3414 esse
978 3361 1145 3423 contentum

159 3441 337 3518 maximeque
349 3457 393 3513 ea,
406 3456 478 3516 quae
490 3448 605 3498 moveat
616 3440 732 3502 urinam.
757 3438 828 3499 lllcd
841 3455 955 3516 quoque
966 3453 1145 3518 nosseopor·
