2384 3896
116 207 175 272 158
408 213 441 263 ι.
458 213 489 262 c.
506 209 606 262 cnnsr
621 209 817 261 unmcmsn

114 374 191 458 quod
206 392 244 434 er
259 389 296 432 eo
307 370 470 449 impositum
483 376 546 445 est,
561 367 692 441 incaluit,
709 363 929 442 detrahendum,
948 373 979 425 et
990 363 1120 424 subinde

114 461 190 522 aliud
208 455 410 535 imponendum
430 461 484 514 est.
523 453 553 512 Si
569 469 640 512 vero
656 459 785 511 tumores
799 451 884 510 etiam
900 449 1121 524 obcalluerunt,

115 555 144 606 et
158 541 272 616 dolent,
298 540 376 600 levat
389 536 512 615 spongia
527 537 676 614 imposita,
695 553 768 614 qnae
785 533 907 596 subinde
923 552 962 594 ex
980 533 1058 594 oleo
1094 541 1123 592 et

114 637 214 703 aceto,
232 623 281 684 rel
303 641 375 702 aqua
397 619 503 698 frigida
523 621 706 698 exprimitur;
728 628 776 679 aut
799 621 861 698 pari
881 619 1022 698 portione
1045 619 1123 676 inter

114 711 250 772 se‘mixta
265 709 331 786 pix,
356 722 440 781 cera,
456 702 578 764 alumen.
615 704 687 763 Sunt
702 703 788 764 etiam
803 702 886 782 plura
903 701 1013 762 idonea
1030 701 1143 759 mani-s

114 797 168 856 bus
185 791 367 873 pedibusque
384 789 565 864 malagmata.
586 785 710 863 Quodsi
728 786 797 846 nibil
812 785 1014 865 superimponi
1033 784 1124 844 dolor

115 880 233 960 patitur,
255 875 298 952 id,
321 873 398 953 qnod
421 874 484 933 sine
507 881 618 933 tumore
639 879 698 946 est,
719 870 824 931 iuvere
842 879 961 950 oporiet
974 871 1123 950 spongia,

115 981 189 1044 quae
205 963 234 1020 iu
250 977 352 1036 aquam
368 956 488 1017 calidam
504 954 680 1032 demittatur,
696 956 724 1014 iu
739 973 797 1033 qna
813 955 861 1014 vel
877 957 1043 1033 papaveris
1058 971 1123 1014 cor·

114 1049 202 1122 tices,
224 1043 272 1102 vel
294 1041 455 1101 cucumeris
475 1040 619 1100 silvestris
638 1039 721 1098 radix
736 1038 862 1100 decocta
880 1041 931 1098 sit:
955 1047 1017 1097 tum
1039 1036 1123 1096 indu·

72 1189 81 1214 ‚
116 1147 184 1190 cere
206 1124 334 1186 articulis
355 1141 470 1185 crocum
492 1142 556 1183 cum
577 1139 666 1183 succo
686 1125 842 1202 papaveris
863 1131 893 1183 et
915 1121 1007 1182 ovillo
1029 1121 1155 1181 lactem

116 1214 154 1274 At
177 1213 200 1270 si
223 1219 317 1269 tumor
338 1216 398 1283 est,
420 1208 515 1269 foveri
532 1207 646 1286 quidem
661 1207 749 1268 debet
764 1225 837 1286 aqua
854 1204 987 1283 egelida,
1015 1207 1126 1284 inqua

116 1294 271 1370 lentiscus,
294 1292 389 1353 aliave
410 1291 538 1352 verbena
558 1309 596 1350 ex
617 1291 840 1371 reprimentibus
857 1292 980 1352 decocta
995 1291 1058 1349 sit:
1084 1292 1126 1348 in·

116 1379 181 1439 duci
195 1395 268 1436 vero
284 1376 518 1436 medicamentum
533 1393 571 1434 ex
584 1376 705 1435 nucibus
722 1378 825 1436 amaris
842 1394 905 1435 cnm
921 1383 1006 1434 aceto
1025 1375 1125 1443 tritis;
1181 1412 1182 1415 =

116 1472 163 1524 aut
184 1480 221 1522 ex
244 1479 378 1538 cerussa,
404 1460 449 1520 cui
469 1459 612 1519 enutritae
632 1458 740 1520 herbae
756 1460 873 1520 muralis
890 1476 993 1518 succus
1010 1460 1057 1517 sit
1076 1457 1125 1517 ad·

111 1551 220 1625 jectus.
258 1547 343 1624 lapis
358 1546 443 1605 etiam
458 1545 507 1622 qui
524 1561 639 1604 caruem
652 1545 764 1619 exedit,
788 1563 872 1622 quem
892 1533 1126 1622 σαρκοφάγον
1135 1558 1154 1598 ιι

117 1632 220 1693 Graeci
234 1638 353 1706 vocant,
376 1630 507 1704 erneisus,
524 1628 582 1702 sic,
599 1635 629 1686 ut
646 1627 737 1708 pedes
756 1629 868 1707 capiat,
887 1627 1036 1687 demissus
1057 1643 1126 1702 eos,

118 1733 202 1794 quum
223 1713 337 1788 dolent,
360 1720 547 1791 retentosque
571 1710 610 1772 ibi
636 1712 735 1772 levare
752 1713 913 1772 consuerit.
948 1709 1079 1788 Exque
1096 1713 1127 1770 in

118 1799 189 1857 Asia
212 1796 299 1875 lapidi
313 1797 392 1856 assio
406 1799 498 1872 gratia
515 1804 569 1856 est.
604 1795 661 1856 Ubi
678 1797 806 1856 doloret
821 1796 1002 1856 inflammatio
1021 1813 1061 1853 se
1077 1813 1125 1854 re-

117 1885 255 1940 miserunt
276 1879 352 1959 qnod
366 1882 437 1941 intra
453 1879 516 1940 dies
534 1880 722 1959 quadraginta
738 1882 784 1957 lit,
807 1882 862 1940 nisi
876 1881 973 1940 vitium
989 1877 1125 1937 hominis

118 1967 259 2040 accessit,
284 1963 405 2024 modicis
422 1965 692 2042 exercitationibus,
718 1965 907 2041 abstinentia,
928 1962 1153 2048 unctionibusn

29 2111 32 2129 ,
118 2047 231 2109 leuibus
253 2048 387 2109 utendum
408 2057 469 2124 est,
489 2049 547 2125 sic,
571 2057 601 2108 ut
623 2050 707 2110 etiam
723 2068 786 2111 curn
803 2066 915 2128 acopo,
937 2045 984 2106 ve'l
1002 2046 1125 2125 liquido

119 2141 218 2194 cerato
244 2135 364 2211 cyprino
391 2133 503 2194 articuli
530 2132 753 2210 parificentur·
781 2133 920 2212 Equitare
942 2129 1125 2209 podagricis

119 2234 236 2296 quoque
258 2218 379 2278 alienum
401 2225 455 2277 est.
493 2214 603 2290 Quibus
624 2235 696 2278 vero
720 2218 903 2278 articulorum
922 2214 1011 2274 dolor'
1024 2218 1125 2275 certis

117 2302 296 2380 temporibus
311 2301 483 2377 revertitur,
498 2300 553 2360 hos
567 2309 633 2361 ante
647 2311 676 2362 et
687 2302 803 2362 curioso
816 2303 893 2360 victu
906 2316 1011 2360 cavere
1024 2315 1123 2377 opor·

118 2393 173 2462 tet,
187 2404 223 2446 ne
240 2385 345 2448 inutilis
360 2386 478 2446 materia
494 2386 611 2463 corpori
624 2388 765 2465 supersit,
781 2394 810 2444 et
823 2384 970 2445 crebriore
984 2385 1103 2443 vomitu
1113 2407 1121 2452 ς
1132 2397 1152 2436 a

119 2478 165 2544 et,
188 2471 212 2528 si
233 2471 296 2549 quis
312 2487 349 2528 ex
365 2485 491 2546 corpore
506 2477 598 2528 metus
613 2479 674 2547 est,
697 2469 744 2530 rel
760 2470 817 2530 alvi
833 2469 966 2528 ductione
986 2468 1045 2544 uti,
1071 2467 1123 2528 vel

119 2552 196 2610 lacte
221 2553 347 2628 purgari.
384 2551 468 2626 Quod
483 2551 717 2614 Erasistratusin
738 2552 905 2632 podagricis
921 2551 1056 2629 expulit,
1085 2571 1125 2611 ne

119 2635 148 2692 in
173 2634 328 2694 inferiores
353 2643 452 2712 partes
479 2634 573 2696 iactus
599 2657 699 2698 cursus
728 2638 820 2716 pedes
844 2636 990 2715 repleret:
1026 2653 1124 2714 quum

119 2716 238 2776 evidens
253 2719 305 2792 sit,
322 2719 397 2776 omni
414 2722 585 2796 purgatione
597 2740 656 2783 non
669 2725 821 2801 superiore
834 2718 1047 2796 tantummodo,
1067 2718 1124 2780 sed

119 2801 203 2862 etiam
221 2801 359 2862 inferiora
375 2802 523 2864 exinaniri.
800 2866 807 2875 ,
1132 2815 1153 2858 a

350 3041 533 3102 carun
568 3041 741 3102 xxx11
764 3041 881 3121 [xxvi.

326 3156 363 3204 De
378 3155 517 3206 reiectione
533 3157 761 3208 convalescentium
777 3159 902 3210 emorbo.

179 3301 226 3361 Ex
246 3319 426 3383 quocumque
446 3317 540 3368 autem
562 3309 663 3368 morbo
686 3311 751 3388 quis
773 3309 968 3385 convalescit,
990 3310 1014 3370 si
1028 3311 1120 3370 tarde

120 3385 313 3462 confirmatur,
337 3389 459 3464 vigilare
481 3393 569 3468 prima
590 3389 772 3461 Incedebat:
793 3394 974 3454 nihilominus
987 3394 1015 3452 in
1030 3391 1118 3454 lecto

119 3469 342 3545 conquiescere:
373 3472 449 3531 circa
475 3476 586 3534 tertiam
611 3475 710 3536 horam
735 3477 838 3538 leniter
862 3479 957 3539 unctis
980 3476 1148 3539 manibusas
