2384 3896
361 197 430 246 una.
446 197 479 245 v,
503 197 577 246 cna.
594 195 694 244 1-1v‚
965 185 1021 246 161

33 372 92 416 non
112 353 235 414 alienum
250 349 363 414 videtur
375 361 441 414 ante
456 368 624 430 proponere
639 360 669 411 et
683 352 812 427 nomae,
836 358 865 410 et
878 351 973 427 vires,
995 361 1025 412 et

33 440 174 497 mixturas
194 454 309 508 eorum;
333 454 390 516 quo
410 437 502 496 minor
523 437 604 514 ipsas
620 435 784 522 curationes
799 435 1024 512 exsequentibus

33 541 115 582 mora
130 523 176 582 sit.

412 617 595 680 CAPUT
627 619 652 678 Ι.

16 731 27 770 a
231 719 268 769 lie
282 719 401 770 remediis
417 733 481 782 quae
498 719 649 783 sanguinem
663 719 830 782 supprimunt.

96 837 274 914 Sanguinem
286 838 464 915 supprimunt
475 845 660 896 atramentum
672 836 818 911 sutorium,
835 835 911 913 quod
922 835 1025 896 Graeci

36 911 230 998 χάλκανθον
245 921 409 1000 appellant,
427 918 574 995 chalcitis,
590 919 705 996 acacia,
721 927 799 978 etex
816 936 892 997 aqua
910 920 1024 996 lycium,

36 1011 96 1079 tus,
128 1004 214 1082 aloe,
241 1005 363 1083 gummi,
392 1001 537 1084 plumbum
560 1001 754 1078 combustum,
784 1019 914 1082 porrum,
936 1002 1025 1062 herba

38 1086 229 1164 sanguinalis,
260 1096 339 1148 creta
363 1088 412 1148 vel
436 1087 547 1147 cimolia
572 1087 619 1145 vel
642 1085 787 1164 figularis,
812 1086 897 1163 misy,
923 1085 1026 1163 frigida
1051 1081 1058 1092 '

12 1187 127 1248 nequa,
150 1172 263 1248 vinum,
285 1179 411 1247 acetum,
428 1171 557 1248 alumen,
573 1170 721 1246 melinum,
738 1187 854 1248 squama
871 1179 899 1229 et
914 1171 983 1230 ierri
998 1179 1027 1228 et

39 1255 129 1334 aeris,
154 1263 241 1333 atque
262 1253 345 1330 hujus
369 1272 484 1333 quoque
504 1254 577 1313 duae
601 1254 718 1332 species
739 1262 819 1329 sunt,
843 1253 899 1312 alia
921 1262 1026 1314 tentum

40 1340 127 1415 acris,
143 1338 201 1398 alia
218 1337 296 1398 rubri
310 1339 396 1399 aeris.

400 1508 581 1570 OAPU'I'
613 1509 666 1568 II.

364 1609 433 1670 Quae
456 1608 547 1658 vulnus
570 1608 701 1674 glutinent.

15 1725 36 1766 u
100 1710 247 1772 Glutinant
271 1711 375 1772 vulnus
400 1708 534 1786 myrrha,
564 1718 631 1787 tus,
660 1708 782 1785 gummi,
812 1707 1026 1788 praecipueque

43 1794 236 1874 acanthinum,
266 1794 414 1874 psyllium,
445 1792 649 1871 tragacantha,
682 1791 904 1866 cardamomum,
936 1789 1026 1868 bulbi,
1061 1793 1066 1811 '

45 1875 88 1937 lini
112 1897 228 1956 semen,
256 1879 439 1955 nasturtium,
468 1877 516 1936 ovi
541 1875 652 1952 album,
679 1875 794 1952 gluten,
822 1872 1027 1950 ichthyocolla,

45 1961 104 2021 vitis
125 1963 213 2038 alba,
235 1971 373 2022 contusae
395 1979 458 2022 cum
481 1960 562 2019 testis
580 1961 639 2019 suis
654 1957 808 2032 cochleae,
831 1956 887 2016 mei
903 1967 1026 2032 coctum,

47 2047 161 2124 spongia
186 2047 233 2106 vel
252 2065 289 2106 ex
304 2062 378 2123 aqua
392 2043 513 2122 frigida,
535 2042 582 2101 vel
599 2061 636 2105 ex
652 2042 735 2119 viuo,
758 2040 807 2101 uel
823 2059 860 2100 ex
875 2049 959 2100 aceto
978 2059 1027 2099 ex·

19 2145 156 2206 repressa3
184 2147 222 2190 ex
241 2129 342 2189 iisdem
363 2128 428 2190 lana
449 2125 580 2194 succida;
606 2125 630 2184 si
654 2124 728 2183 levis
750 2123 837 2202 plaga
860 2133 922 2201 est,
944 2124 1028 2184 etiarn

49 2229 156 2273 aranea.

103 2291 273 2376 Reprimunt
289 2296 400 2356 alumen
414 2301 443 2353 et
457 2289 588 2364 scissile,
605 2290 682 2368 quod
697 2277 982 2367 opacabavooat'ur,
1001 2298 1030 2348 et

49 2379 194 2458 liquidum,
214 2378 363 2455 melinum,
383 2377 635 2456 auripigmentum,
649 2389 776 2451 aerugo,
792 2371 940 2448 chalcitis,
957 2381 1029 2432 atra-

51 2474 164 2523 mentum
180 2465 327 2524 sutorium.

25 2644 45 2685 a
179 2622 191 2708 ss
386 2612 569 2674 onauu
606 2611 685 2670 111.

293 2712 362 2772 Quae
377 2718 533 2774 concoquant
552 2715 709 2760 etnmoveant
725 2720 783 2772 pus.

109 2813 299 2892 Concoquunt
321 2821 350 2872 et
374 2819 490 2872 movent
512 2828 565 2888 pus
590 2809 720 2884 nardum
747 2803 878 2882 myrrha,
910 2813 1031 2876 cosham,

54 2895 222 2972 balsamum,
251 2895 424 2974 galbanum,
452 2893 607 2973 propolis,
637 2900 756 2968 styrax,
786 2889 857 2948 turis
884 2894 913 2945 et
940 2885 1031 2959 iuligo

30 2989 84 3124 ³⁰pil
102 2992 217 3058 cortex,
242 2980 386 3056 bitumen,
418 2977 482 3059 pix,
507 2976 643 3054 sulphur,
664 2974 777 3062 resina,
799 2985 915 3043 sevum,
931 2959 1032 3044 adeps,

86 3083 153 3124 eum.

401 3161 582 3226 CAPUT
617 3159 683 3224 IV,

311 3264 379 3324 Quae
394 3264 508 3328 aperiant
523 3275 567 3310 ora
582 3261 607 3308 ln
624 3255 778 3322 corporibus.

14 3398 16 3411 ι
114 3364 253 3443 Aperiunt
276 3373 416 3443 tamquam
435 3378 486 3420 ora
511 3359 576 3437 (sc.
604 3353 777 3433 Venarum)
799 3351 826 3410 in
852 3348 1035 3429 corporibus,

63 3445 272 3528 cinnamomum,
300 3447 472 3522 balsamum,
498 3458 640 3526 panaces,
664 3441 768 3516 juncus
789 3433 958 3513 quadratus,
985 3447 1035 3508 pu·

96 3551 196 3621 causus,
794 3518 830 3579 11

852 3629 866 3666 x
