2392 3906
150 191 192 252 tn
443 201 475 249 n.
493 201 523 253 c.
540 199 639 250 ceusu
654 160 857 248 munucrunn'

149 360 250 436 nigrae
265 357 418 418 cicatrices
433 355 500 418 daut
522 353 617 436 (ibid.
636 354 657 430 §
678 355 744 434 36).
784 351 894 426 Quibus
916 370 1002 413 causa
1023 351 1144 428 doloris,

59 431 63 446 ’
150 460 246 520 neque
265 459 368 500 sensus
384 441 447 515 ejus
465 450 526 516 est,
548 440 592 500 his
611 457 692 498 mens
707 438 786 498 lebat
803 437 857 514 (cf.
872 434 952 515 Aple.
969 436 1011 513 ll,
1028 437 1076 516 6).
1114 439 1144 498 Si

151 528 179 586 in
191 533 321 585 ventrem
332 525 448 600 sanguis
461 524 608 597 conduxit,
620 522 659 583 ibi
670 524 698 582 iu
710 541 763 601 pus
773 523 893 580 vertitur
906 518 1001 599 (Aple.
1013 520 1064 600 vi,-
1078 520 1143 600 20).

149 611 180 672 Si
194 627 210 670 a
228 609 326 684 coxis,
342 617 371 668 et
385 607 421 669 ub
435 606 618 668 inferioribus
634 605 763 685 partibus
776 604 861 666 dolor
874 605 903 664 in
914 614 1019 683 pectus
1032 609 1144 682 transit,
1195 610 1196 613 ’

148 711 244 772 neque
264 693 352 754 ullum
371 694 482 768 signnm
502 690 606 752 melum
626 691 769 764 accessit,
792 689 1003 767 suppurationis
1020 706 1057 749 eo
1078 689 1166 750 locos

148 777 308 858 periculum
320 785 366 836 est
383 774 511 854 (Proca.
528 775 548 850 §
563 775 627 857 19).
651 772 762 847 Quibus
778 773 840 833 sine
853 772 937 832 febre
952 773 1048 852 alique
1062 784 1147 851 parte

148 861 244 936 dolor,
261 870 309 922 aut
319 862 450 939 prurigo,
466 876 529 919 cum
544 859 651 920 rubore
667 867 697 918 et
714 857 814 918 calore
829 864 884 931 est,
900 856 940 917 ibi
955 857 1061 934 aliquid
1078 876 1145 936 sun-

147 954 241 1026 purat.
261 944 348 1004 Urina
362 960 479 1022 quoque
495 945 612 1022 quaein
626 942 741 1003 homine
757 958 827 1002 sano
849 959 947 1019 parum
964 941 1072 1018 liquida
1091 951 1145 1015 est,

147 1032 226 1090 circa
242 1045 327 1089 aures
346 1028 467 1087 futuram
482 1026 605 1106 aliquam
622 1026 857 1105 suppurationem
872 1042 940 1084 esse
955 1025 1111 1086 denuntiat.

206 1111 286 1172 llaec
306 1128 394 1185 vero,
417 1128 502 1187 quum
524 1112 586 1172 sine
608 1111 692 1170 febre
706 1126 822 1189 quoque
839 1109 888 1168 vel
910 1109 1076 1184 latentium,
1099 1109 1172 1170 velia

146 1196 304 1258 futurarum
318 1211 414 1254 rerum
428 1203 512 1254 rotas
525 1194 664 1270 habeant,
689 1194 778 1254 multo
800 1194 925 1253 certiora
939 1201 1018 1269 sunt,
1038 1191 1090 1253 nbi
1104 1193 1143 1252 fe·

146 1279 208 1340 bris
222 1280 362 1346 accessit3
383 1286 470 1356 atque
493 1280 579 1338 etium
594 1279 715 1338 eliorum
735 1277 901 1338 morborum
921 1286 979 1338 tum
1001 1277 1086 1354 sigua
1100 1295 1144 1336 na-

55 1431 56 1435 ,
146 1370 275 1425 suuntur.
308 1360 388 1438 Ergo
407 1363 538 1440 protinus
553 1363 661 1424 insanie
677 1361 802 1422 timenda
824 1369 886 1437 est,
909 1360 957 1422 ubi
981 1361 1145 1439 expeditior

146 1445 281 1522 alicuius,
300 1463 384 1525 quem
399 1447 460 1506 sani
478 1445 540 1522 luit,
556 1463 652 1506 sermo
665 1455 720 1522 est,
738 1444 891 1522 subitaque
908 1445 1072 1523 loquacitas
1084 1455 1144 1504 orta

146 1539 210 1605 est,
229 1538 258 1590 et
268 1530 343 1590 haec
358 1530 421 1607 ipsa
437 1529 523 1592 solito
535 1531 672 1591 audacior
687 1529 742 1607 (cf.
757 1527 852 1590 Coae.
865 1530 938 1608 51);
955 1538 1003 1589 aut
1014 1527 1062 1588 ubi
1079 1540 1172 1590 feroc

145 1615 211 1692 quis
226 1621 255 1674 st
270 1612 460 1674 vehementer
475 1615 577 1692 spirat,
593 1631 743 1692 venasque
759 1614 919 1675 concitatus
933 1611 1040 1689 hebet,
1059 1627 1158 1690 prae-¹

143 1696 254 1758 cordiis
275 1696 355 1758 duris
371 1706 401 1757 et
415 1697 598 1758 tumentibus.
629 1696 786 1758 Oculorum
801 1714 916 1776 quoque
930 1696 1071 1775 frequens
1087 1714 1145 1756 nro·

143 1789 208 1856 tus,
233 1788 262 1840 et
281 1781 310 1838 in
333 1782 436 1858 capitis
452 1779 556 1842 dolore
572 1781 683 1842 offusae
700 1780 793 1842 oculis
813 1780 967 1849 tenebrae;
983 1780 1050 1855 rel,
1064 1780 1145 1842 nullo

149 1863 252 1927 dolore
274 1863 439 1941 substante,
463 1881 580 1924 somnus
600 1874 734 1942 ereptus,
759 1866 981 1943 continuataque
1004 1874 1093 1928 nocte
1117 1874 1145 1924 et

143 1948 191 2009 die
205 1947 319 2024 vigilia;
342 1947 392 2007 vel
407 1957 579 2026 prostratum
600 1958 700 2009 contre
723 1949 959 2010 consuetudinem
984 1963 1093 2026 corpus
1116 1949 1172 2010 ina

58 2093 62 2102 ‚
142 2040 290 2106 ventrem,
304 2032 354 2092 sic
370 2040 401 2091 ut
421 2033 513 2111 ipsius
534 2031 591 2094 ulvi
611 2033 696 2094 dolor
711 2033 740 2094 id
760 2051 817 2092 non
834 2033 980 2110 coegerim
1003 2033 1084 2107 item,
1100 2049 1144 2092 ro·

92 2113 96 2142 ¹
142 2114 229 2176 busto
242 2115 336 2175 adbuc
348 2126 486 2194 corpore,
497 2116 630 2178 insolitus
642 2117 768 2178 dentium
786 2116 902 2192 stridor,
920 2116 1049 2177 insaniae
1062 2117 1147 2194 signa

148 2208 214 2262 sunt
233 2197 362 2279 (Probo.
386 2200 470 2280 §3).
508 2201 539 2260 Si
568 2202 636 2280 quid
657 2203 742 2264 etiam
760 2201 921 2277 abscessit,
945 2209 974 2260 et
993 2209 1146 2277 antequem

55 2337 57 2341 ,
148 2294 339 2362 suppuraret,
363 2293 497 2346 manente
512 2285 605 2346 adhuc
622 2285 717 2358 febre,
731 2284 869 2361 subsedit,
888 2283 1048 2363 periculum
1060 2284 1147 2344 affert

142 2369 262 2447 primum
275 2368 392 2445 furoris,
408 2369 512 2430 deinde
529 2370 658 2430 interitus
675 2368 771 2446 (ibid.
788 2367 809 2441 §
828 2367 892 2445 18).
926 2368 1013 2428 Auris
1025 2385 1173 2447 quoquere

142 2451 228 2510 dolor
242 2462 360 2528 acutus,
386 2470 448 2512 cnm
463 2451 546 2514 febre
563 2453 694 2513 continue
709 2450 943 2531 vehementique,
960 2469 1050 2530 saepe
1065 2471 1145 2513 men·

36 2603 39 2612 ,
141 2541 201 2592 tem
217 2534 327 2602 turbem
351 2544 382 2595 et
398 2553 435 2594 ex
450 2553 486 2594 eo
507 2552 576 2594 casu
588 2536 717 2610 juniores
733 2535 873 2595 interdum
893 2537 966 2596 intra
992 2538 1146 2615 septimum
1193 2565 1194 2608 t

142 2615 218 2676 diem
245 2619 403 2676 moriuntur
412 2641 423 2686 ;,
451 2618 584 2678 seniores
610 2616 732 2686 tardius;
764 2621 897 2696 quonium
923 2637 1019 2697 neque
1050 2638 1146 2698 aeque
1193 2633 1194 2666 ὲ

142 2715 262 2776 magnes
278 2699 378 2759 febres
394 2701 597 2778 experiuntur,
619 2719 714 2780 neque
735 2719 829 2780 aeque
845 2705 1001 2770 insaniunt:
1023 2705 1063 2765 ita
1082 2722 1145 2764 sus·

142 2785 246 2860 tinent,
269 2783 334 2844 dum
349 2785 374 2842 is
392 2783 513 2863 affectus
528 2785 556 2843 iu
572 2802 625 2861 pus
641 2794 769 2846 vertatur
787 2786 915 2866 (Proque.
933 2787 954 2863 §
970 2787 1038 2864 22).
1077 2787 1174 2848 Sui-so

142 2868 225 2928 fusse
244 2883 361 2946 quoque
376 2867 515 2942 sangnine
531 2867 658 2928 mulieris
674 2887 828 2946 mammae,
850 2871 977 2932 furorem
993 2881 1146 2932 venturum
1192 2851 1194 2966 l

141 2969 212 3012 esse
233 2960 373 3012 testantur
398 2948 492 3029 (Api.
518 2951 554 3023 V,
576 2952 644 3030 46).
677 2953 787 3027 Quibus
805 2964 899 3014 autem
920 2955 1026 3032 longae
1042 2955 1145 3016 febres
1192 2997 1193 3004 1

143 3044 226 3110 sunt,
247 3035 292 3096 bis
308 3043 356 3096 cut
371 3033 527 3096 abscessus
542 3036 646 3115 aliqui,
663 3046 711 3098 eut
726 3038 910 3098 articulorum
925 3039 1045 3100 dolores
1062 3047 1147 3098 erunt

143 3115 242 3196 (Aple.
258 3118 315 3194 lV,
330 3120 387 3188 44;
404 3117 499 3182 Coae.
518 3121 604 3199 115).
630 3119 757 3194 Quorum
771 3122 901 3182 faucibus
915 3123 943 3182 in
957 3123 1042 3182 febre
1060 3123 1144 3183 illidi·

143 3210 189 3262 tur
205 3203 336 3281 spiritus,
352 3203 438 3264 instat
452 3203 497 3266 bis
511 3221 665 3264 nervorum
680 3205 814 3266 distentio
830 3203 924 3284 (Aple.
941 3206 991 3283 lv,
1007 3205 1077 3286 68).
1114 3206 1174 3266 Sion

143 3286 247 3362 angina
262 3286 357 3346 subito
374 3287 451 3347 linita
468 3296 528 3363 est,
545 3289 573 3346 iu
587 3289 751 3366 pulmonem
762 3289 792 3349 id
804 3289 907 3350 malum
922 3291 1036 3359 transit;
1055 3291 1144 3368 idque

144 3385 235 3448 saepe
252 3370 324 3432 intre
343 3371 494 3448 septimum
509 3372 584 3432 diem
599 3373 721 3432 occidit:
738 3373 826 3450 qnod,
841 3375 895 3432 nisi
910 3374 1022 3451 incidit,
1046 3375 1143 3452 sequi·
1192 3391 1193 3396 ¹

144 3461 191 3514 tur
203 3463 232 3516 ut
244 3455 341 3534 ulique
355 3463 437 3532 perte
450 3464 589 3534 suppuret
612 3453 706 3534 (Apin.
719 3455 756 3531 V,
771 3457 818 3524 10;
832 3455 926 3518 Coae.
942 3457 1012 3527 361;
1026 3456 1143 3538 Proque.
