2392 3906
317 233 325 240 .
371 193 465 282 ¹rnre.
481 194 532 243 111.
554 193 630 244 cnr.
646 197 691 246 xr.
707 199 768 248 xrs.
1014 185 1053 247 93

53 347 121 428 sic,
137 367 176 410 ne
192 348 284 412 statim
299 347 538 418 vehementissimi
553 349 667 412 calores
682 353 832 432 incipiant,
855 351 905 414 sed
922 350 1054 432 paulatim

50 438 242 496 increscant:
264 437 598 514 perfricandaequoque
619 453 671 495 eae
693 445 789 513 partes
812 437 940 497 manibus
961 439 1054 498 unctis

52 527 218 584 exuetere
233 519 299 578 oleo
315 529 394 595 sunt,
410 521 496 596 eique
510 519 698 594 adjiciendum
713 519 818 597 aliquid
833 538 871 579 ex
883 521 1054 584 calefacien-

51 601 157 670 tibus3
187 604 368 681 contentique
390 604 493 663 medici
515 603 627 682 quidam
655 621 718 668 una,
730 602 880 678 frictione,
909 605 992 664 etiam
1018 621 1055 662 ex

17 713 34 752 5
52 685 194 764 quolibet
207 685 290 762 oleo,
307 694 380 746 sunt.
403 686 435 745 ln
453 687 549 747 harum
563 686 685 746 febrium
699 685 913 746 remissionibus
928 687 1054 746 nonnulli

51 779 121 829 tres
141 777 189 828 aut
213 778 334 847 quatuor
350 769 518 830 sorbitionis
537 771 674 847 cyathos,
700 771 849 830 etiamnum
864 779 995 829 manente
1011 769 1054 829 ie·

51 853 130 928 bre,
150 851 233 913 dant:
258 852 375 928 deinde,
399 871 434 912 ea
448 853 523 912 bene
538 854 633 929 bruta,
651 854 782 914 reficiunt
796 852 972 912 stomachum
987 852 1054 912 cibo

51 935 168 1014 frigido
189 945 220 996 et
234 936 302 996 levi.
329 934 394 1013 Ego
413 946 469 996 turn
491 936 550 996 hoc
568 947 637 1016 puto
655 936 835 1014 tentandum,
857 954 941 1014 quum
956 953 1055 1014 parurn

57 1021 161 1096 cibus,
191 1021 281 1080 semei
304 1028 334 1080 et
353 1029 422 1099 post
437 1020 548 1080 iebrem
576 1021 673 1093 datus,
697 1019 825 1099 prodest.
860 1020 919 1079 Sed
941 1021 1055 1080 curiose

17 1127 52 1170 ro
65 1103 298 1184 prospiciendum
319 1112 379 1181 est,
402 1123 439 1163 ne
462 1113 575 1183 tempus
600 1105 777 1165 remissionis
803 1103 941 1181 decipiet:
966 1121 1055 1181 saepe

63 1189 138 1246 enim
157 1189 185 1246 in
200 1187 258 1248 hoc
280 1205 394 1266 quoque
416 1207 527 1265 genere
542 1188 712 1249 valetudinis
727 1189 787 1263 jam
806 1189 891 1248 minui
909 1186 999 1246 febris
1015 1187 1054 1245 vi·

58 1271 160 1348 detur,
183 1280 212 1330 et
233 1289 330 1331 rursus
345 1272 506 1332 intenditur.
541 1272 640 1350 ltaque
663 1275 690 1331 ci
705 1271 865 1332 remissioni
883 1269 1055 1330 credendum

56 1364 121 1432 est,
156 1373 231 1432 quae
261 1357 346 1416 etiarn
376 1357 555 1431 inmoratur,
579 1365 608 1414 et
624 1357 825 1431 iactationem,
853 1355 1055 1430 foetoremque

56 1439 212 1516 quemdam
228 1441 301 1514 oris,
321 1457 405 1517 quem
419 1429 495 1518 ὅζην
510 1439 613 1500 Graeci
630 1447 750 1514 vocant,
765 1440 871 1498 minuit.
898 1437 970 1497 liiud
986 1439 1056 1496 satis

19 1525 215 1598 15couvenit,
231 1523 254 1580 si
270 1522 397 1600 quotidie
412 1541 498 1603 pares
514 1525 702 1584 accessiones
718 1530 797 1598 suut,
819 1522 947 1600 quotidie
962 1520 1055 1580 cibum

59 1605 197 1666 dandum:
220 1605 244 1664 si
258 1607 400 1685 impares,
417 1615 483 1685 post
497 1607 677 1683 graviorem,
695 1604 802 1673 cibum;
825 1614 891 1683 post
907 1605 1057 1680 levioremr

4 1726 8 1736 ι
59 1707 162 1770 uquam
177 1689 305 1749 mulsam.

376 1907 713 1989 cueuu'xrn

345 2045 446 2095 Curatio
462 2043 574 2094 horroris
592 2045 619 2092 in
636 2043 759 2093 febribus.

21 2220 47 2260 ro
121 2197 235 2257 Horror
249 2204 341 2256 antem
360 2213 409 2255 eas
425 2195 488 2254 iere
500 2193 598 2254 febres
617 2194 777 2268 antecedit,
795 2210 868 2270 quoe
884 2200 991 2251 certum
1006 2190 1054 2249 ha-

56 2283 129 2341 bent
148 2281 343 2355 circumitum,
361 2288 390 2338 et
407 2297 444 2337 ex
458 2286 520 2337 toto
536 2279 731 2344 remittuntur;
754 2276 878 2354 ideoque
900 2277 1055 2334 tutissimae

61 2375 143 2442 sunt,
156 2365 337 2442 maximeque
359 2363 521 2422 curationes
536 2361 692 2422 admittunt.
714 2359 786 2419 Nam
800 2359 849 2419 ubi
862 2361 970 2418 incerta
986 2367 1055 2416 tem-

64 2465 135 2528 pora
151 2457 233 2526 sunt,
249 2465 343 2524 neque
357 2447 414 2506 alvi
431 2445 544 2522 ductio,
558 2461 653 2523 neque
668 2443 817 2519 balneum,
838 2459 932 2520 neque
949 2443 1055 2518 viuum,

60 2551 155 2611 neque
176 2532 412 2590 medicamentum
434 2526 510 2588 aliud
528 2537 608 2588 recte
630 2527 721 2587 datur.
753 2527 895 2586 Incertum
917 2533 961 2584 est
983 2525 1057 2583 enim

22 2617 176 2695 aequando
198 2615 289 2675 iebris
309 2623 427 2674 ventura
443 2614 494 2672 sit:
518 2615 557 2672 ita
577 2613 639 2670 iieri
662 2620 776 2690 potest,
791 2619 837 2687 ut,
861 2611 884 2668 si
900 2608 992 2668 subito
1008 2627 1056 2667 ve·

56 2702 152 2776 uerit,
177 2717 283 2759 summa
301 2700 329 2757 in
348 2716 384 2759 eo
401 2697 546 2776 pernicies
567 2698 619 2771 sit,
641 2696 717 2774 quod
734 2694 831 2756 auxilii
854 2711 940 2753 causa
961 2695 996 2752 sit
1017 2693 1056 2750 in-

55 2793 186 2843 ventum.
219 2783 354 2861 Nihilque
373 2781 448 2841 aliud
470 2782 533 2840 fieri
554 2789 666 2857 potest,
689 2796 773 2858 quam
794 2788 823 2838 ut
839 2779 937 2856 primis
957 2773 1057 2834 diebus

57 2867 137 2927 bene
153 2866 329 2926 abstineatur
342 2883 446 2942 aeger;
463 2865 565 2924 deinde
579 2862 631 2922 sub
646 2863 770 2922 decessu
782 2861 872 2921 febris
888 2861 967 2935 ejus,
984 2875 1058 2935 quae

56 2951 232 3028 gravissima
250 2960 304 3027 est,
322 2952 414 3009 cibum
430 2957 528 3008 sumat.
545 2949 584 3007 At
599 2947 646 3005 ubi
660 2957 756 3006 certus
772 2944 932 3004 circumitus
948 2951 1003 3017 est,
1016 2942 1057 3000 ia-

24 3047 48 3087 30
59 3035 146 3095 cilius
161 3036 255 3093 omnia
269 3034 318 3093 illa
330 3042 487 3100 tentantur;
504 3033 567 3110 quia
585 3033 677 3107 magis
693 3045 860 3109 proponere
871 3026 955 3085 nobis
970 3035 998 3084 et
1011 3043 1057 3085 ac·

59 3120 227 3177 cessionum
250 3127 278 3176 et
305 3118 504 3178 decessionum
527 3117 608 3174 vices
629 3133 791 3194 possumus.
826 3111 858 3171 ln
886 3109 929 3169 his
952 3118 1057 3185 autem,

58 3219 147 3280 quum
163 3200 504 3277 inveteraverunt,'utilis
522 3200 612 3258 fames
628 3215 685 3256 non
701 3207 759 3256 est:
780 3197 878 3274 primis
894 3203 1056 3254 tantummo-

59 3285 98 3344 do
114 3284 217 3344 diebns
234 3303 267 3344 ea
282 3285 462 3364 pugnandum
479 3292 536 3350 est:
552 3280 654 3342 deinde
671 3281 822 3341 dividenda
834 3279 943 3338 curatio
961 3288 1016 3352 est,
1030 3285 1058 3334 et

60 3379 127 3429 ante
147 3369 269 3444 horror,
286 3379 342 3428 tum
359 3369 449 3428 febris
465 3366 651 3426 discutienda.
673 3364 762 3442 Igitur
776 3381 859 3442 quum
875 3364 992 3441 primum
1008 3359 1057 3418 aii·

26 3467 51 3507 as
62 3452 126 3532 quis
143 3452 300 3529 inhorruit,
326 3463 354 3512 et
368 3471 405 3512 ex
419 3451 540 3510 horrore
556 3449 688 3526 incaluit,
712 3448 781 3508 dare
804 3450 830 3506 ei
847 3453 963 3526 oportet
978 3443 1057 3521 potui
