2372 3892
383 197 451 246 aus.
466 197 511 244 vr.
536 195 609 244 car.
626 197 672 244 vu.
968 184 1028 247 237

90 351 148 414 32
167 347 302 451 Caligare
316 367 388 412 vero
401 351 477 412 oculi
488 369 699 430 nonnumquam
712 369 750 414 ex
761 351 943 432 lippitudine,
958 369 1027 412 non·

22 453 186 515 numquam
196 427 283 496 'etnam
295 436 357 496 sine
369 435 435 511 bac,
445 445 566 514 propter
577 443 756 498 senectutem
764 437 1027 497 imbecillitatemve

25 521 130 595 aliam,
155 528 338 580 consuerunt.
373 520 404 580 Si
423 537 460 580 ex
475 520 605 598 reliqniis
621 520 798 599 lippitudinis
815 521 843 580 id
857 520 955 579 vitium
970 529 1025 593 est,

25 605 150 680 adjuvat
167 603 337 679 collyrium,
356 604 434 681 quod
447 584 638 682 Ἀσκληπιός
656 606 832 673 nominatur:
855 603 971 680 adjurat
987 601 1027 678 id,

9 687 109 766 equod
125 705 166 748 ex
182 697 413 764 crocomagmate
430 689 469 748 lit.

47 804 50 810 ·
92 770 146 832 33.
169 771 290 850 Proprie
310 773 395 832 etiam
416 772 451 832 ad
476 771 503 830 id
526 771 724 848 componitur,
739 771 816 849 quod
832 761 886 840 dud
902 761 1028 849 κρόκου

26 865 146 916 uocant.
179 853 273 916 Habet
287 855 398 933 piperis
414 874 443 934 p.
455 856 513 933 )·(.
526 867 549 914 1.
564 855 643 914 croci
660 855 757 929 cilicii,
773 855 929 932 papaveris
945 854 1027 914 lacri-

28 956 109 1013 mae,
126 955 277 1012 cerussae,
294 937 473 1016 singulorum
489 957 518 1017 p.
535 938 590 1016 )·(.
607 951 644 998 11.
660 939 921 1020 psorici,gunrmis,
931 939 1026 1014 singu·

29 1023 123 1082 lorum
138 1040 169 1101 p.
185 1022 243 1101 )·(.
260 1035 306 1082 tv.

9 1127 23 1176 c
92 1104 144 1166 34.
171 1105 211 1166 At
228 1106 253 1166 si
271 1123 309 1166 ex
323 1114 474 1166 senectute
492 1105 588 1166 aliave
606 1104 802 1166 imbecillitate
819 1105 847 1165 id
864 1114 924 1176 est,
946 1115 1026 1164 recte

30 1188 128 1266 inungi
145 1198 245 1268 potest
261 1198 290 1250 et
304 1189 391 1250 melle
411 1206 494 1267 quam
511 1191 637 1267 optimo,
653 1199 682 1249 et
697 1191 835 1268 cyprino,
853 1199 881 1248 et
896 1188 963 1248 oleo
978 1207 1026 1248 ve·

31 1281 103 1338 tere.
141 1271 410 1334 Commodissimum
433 1282 527 1332 tamen
549 1283 593 1332 est
613 1273 733 1334 balsami
753 1266 976 1352 partem‘unam,
999 1280 1028 1332 et

33 1355 89 1418 olei
112 1358 241 1433 veteris,
265 1365 311 1416 aut
334 1359 445 1435 cyprini
464 1365 560 1434 partes
578 1356 663 1433 duas,
685 1356 780 1417 mellis
796 1374 879 1435 quam
896 1355 1027 1416 acerrimi

33 1449 131 1518 partes
152 1449 215 1500 tres
239 1442 372 1500 miscere.
410 1439 495 1500 Utilia
511 1439 567 1499 buc
585 1459 701 1519 quoque
723 1440 929 1500 medicamenta
951 1447 1027 1514 suut,

9 1539 107 1601 requae
128 1524 165 1584 ad
188 1523 340 1600 caliginem
362 1526 513 1602 proxime,
538 1541 671 1602 quaeque
686 1524 722 1585 ad
741 1523 937 1584 extenuandas
951 1523 1026 1581 nica-

35 1609 120 1668 trices
135 1625 226 1687 supra
243 1607 451 1686 comprehensa
466 1617 539 1666 sunt.
559 1606 735 1686 Cuicumque
748 1625 819 1666 vero
832 1606 908 1666 oculi
921 1605 1026 1682 caliga-

37 1689 116 1768 bunt,
137 1691 205 1752 huic
227 1707 301 1769 opus
316 1691 370 1751 erit
387 1691 474 1750 multa
490 1690 682 1752 ambulatione
698 1701 785 1770 atque
801 1689 1026 1757 exercitatione;

37 1772 178 1852 lnequenti
193 1774 314 1845 balueo;
331 1774 379 1834 ubi
394 1783 484 1834 totum
501 1776 614 1853 quidem
630 1792 738 1854 eorpus
750 1773 959 1853 perfricandum
973 1782 1026 1848 est,

40 1859 191 1937 praecipue
212 1867 307 1918 tamen
322 1867 426 1937 caput,
445 1867 473 1918 et
489 1859 602 1937 quidem
617 1861 706 1936 irino,
723 1859 817 1918 donec
833 1857 959 1925 insudet:
978 1873 1026 1917 ve·

9 1940 209 2022 uelandumque
226 1951 340 2022 postea,
356 1959 410 2002 nec
423 1942 625 2020 detegendum,
641 1952 792 2022 antequam
804 1942 892 2002 sudor
907 1949 935 2001 et
947 1939 1027 2002 oalou

40 2023 111 2095 domi
128 2027 320 2104 conquierint.
355 2025 425 2086 Tum
441 2025 514 2085 cibis
529 2027 663 2088 utendum
676 2026 790 2087 acribus
805 2034 834 2085 et
851 2025 1027 2086 extenuanti-

40 2107 102 2177 bus:
113 2109 350 2188 interpositisque
358 2109 500 2188 aliquibus
508 2109 621 2185 diebus,
633 2127 670 2170 ex
679 2111 770 2187 sinapi
780 2107 1027 2185 gargarizandum.

95 2193 145 2254 35.
169 2193 298 2255 Saliusin
318 2210 450 2272 quoque,
472 2210 556 2270 quam
572 2192 676 2254 Graeci
691 2181 856 2270 ὑπόχυειν
873 2192 1026 2264 nominant,

43 2275 174 2337 interdum
197 2277 275 2337 oculi
297 2277 459 2356 potentiae,
482 2294 537 2355 qna
552 2278 660 2354 cernit,
683 2295 715 2336 se
739 2277 869 2355 opponit.
905 2274 1027 2350 Quodsi

14 2358 222 2435 niuveterauit,
247 2377 331 2420 manu
355 2360 507 2420 curandum
528 2353 601 2421 esta
617 2362 691 2421 iuter
715 2362 794 2421 initia
819 2373 1028 2440 nonnumquam

45 2445 125 2502 certis
146 2443 399 2506 observationibus
420 2444 578 2505 discutitur.
614 2444 788 2521 Sanguinem
808 2461 846 2504 ex
866 2443 961 2502 ironte
980 2439 1027 2508 vel

44 2526 152 2588 naribus
166 2530 297 2598 mittere;
318 2529 347 2588 in
362 2527 540 2605 temporibus
557 2544 647 2588 uenas
663 2527 800 2597 adurere;
818 2525 1027 2604 gargarizando

45 2609 163 2684 pituitam
180 2628 323 2680 evocare:
346 2612 546 2688 suffumigare;
565 2611 667 2672 oculos
682 2611 797 2672 acribus
812 2611 1028 2672 medicamentis

45 2691 186 2771 inungere,
203 2696 332 2773 expedit.
360 2695 460 2756 Victus
474 2697 598 2772 optimus
613 2704 668 2772 est,
685 2698 732 2775 qui
745 2697 871 2775 pituitam
883 2702 1027 2755 extenuat.

18 2779 39 2820 to
101 2774 148 2837 36.
171 2779 217 2839 Ac
232 2798 269 2840 ne
284 2779 423 2838 resolutio
440 2781 553 2857 quidem
570 2780 727 2856 oculorum,
743 2797 826 2859 quam
841 2771 1028 2858 παράλυσιν

47 2854 141 2920 Graeci
161 2865 324 2938 nominant,
347 2863 404 2922 alio
425 2865 519 2924 victua
536 2864 640 2939 modo,
665 2864 713 2923 vel
735 2864 799 2923 aliis
814 2861 1028 2922 medicamentis

48 2943 160 3005 curanda
175 2957 229 3008 est.
266 2945 447 3025 Exposuisse
463 2957 569 3006 tantum
584 2964 676 3024 genus
692 2948 752 3007 vitii
767 2947 837 3006 satis
853 2953 908 3004 εει.
940 2942 1028 3018 lgitun

49 3022 177 3088 interdum
193 3031 300 3106 euenit,
317 3029 403 3090 modo
418 3031 446 3090 iu
462 3031 554 3092 altero
569 3031 668 3106 oculo,
683 3029 769 3089 modo
787 3031 815 3088 in
831 3037 964 3104 utroque,
981 3034 1028 3084 εει

50 3123 83 3166 ex
101 3110 155 3170 ictu
176 3115 290 3194 aliquo,
309 3109 356 3174 n'ut
375 3133 413 3174 ex
436 3113 538 3174 morbo
561 3113 713 3188 comitiali,
738 3121 784 3172 aut
804 3131 841 3172 ex
856 3111 1028 3172 distentione
1089 3177 1091 3182 ¹

24 3190 207 3274 ilenervorum,
228 3215 284 3277 qua
299 3198 487 3258 vehementer
501 3199 566 3277 ipse
584 3197 686 3258 oculus
701 3213 859 3256 concussus
874 3205 935 3270 est,
957 3203 988 3254 ut
1003 3196 1028 3252 is

50 3285 134 3350 neque
148 3297 291 3359 quoquam
306 3280 414 3342 intendi
429 3283 540 3360 possit,
558 3297 652 3360 neque
668 3282 782 3340 omnino
796 3280 952 3345 consistat:
975 3279 1028 3340 sed

51 3349 99 3414 buo
116 3359 220 3424 illucue
243 3366 304 3424 sine
325 3366 436 3426 ratione
456 3373 622 3439 moveatur,
644 3363 770 3443 ideoque
787 3383 824 3442 ne
840 3371 1027 3443 conspectum

53 3439 154 3512 qnidam
168 3465 263 3508 rerum
279 3458 417 3526 praestat.
