2372 3892
148 171 209 234 256
435 183 470 232 n.
487 183 518 232 c.
537 183 637 232 censu
653 181 849 232 annuemus

146 355 255 400 exesus
270 347 317 398 cst
337 336 396 414 sic,
418 344 449 397 ut
464 336 550 415 glans
570 337 697 398 excidat.
730 336 792 407 Sub
814 353 873 416 quo
893 353 968 397 casn
998 336 1080 396 catis
1093 336 1147 414 ipsa

147 421 378 484 circumcidenda
393 430 447 481 eut.
478 421 710 501 Perpetuumque
725 430 785 494 est,
798 423 915 500 quoties
930 420 1043 497 glans,
1059 429 1107 480 aut
1118 437 1148 478 eu

147 507 214 568 cole
231 507 337 585 aliquid
354 505 401 564 rel
417 505 539 583 excidit,
561 505 609 565 vel
625 504 816 580 abscinditur,
833 505 909 566 naue
925 523 988 566 uon
1007 523 1084 565 esse
1099 522 1148 562 ser-

147 590 278 666 vandam,
291 609 328 650 ne
341 589 481 664 considat,
497 589 648 667 ulcerique
664 589 870 666 agglutinetur,
885 607 923 649 ac
939 607 1048 668 neque
1060 588 1147 648 reduci

148 677 240 756 possit
256 685 372 753 postea,
389 683 419 734 et
433 675 558 734 fortusse
576 673 698 734 fistulam
717 691 832 755 quoquc
847 675 951 732 urinae
970 673 1108 752 claudat.
1153 687 1159 722 ⁵

210 757 373 820 Tubercula
397 759 497 833 etiam,
525 774 601 836 qaae
623 749 759 836 φύματα
780 757 883 818 Graeci
908 767 1050 832 vocant,
1085 759 1148 816 circa

147 842 282 922 glandem
305 845 447 903 oriuntur:
477 859 551 920 quae
572 841 619 902 vel
640 841 871 915 medicamentis,
898 841 951 900 vel
974 841 1068 900 ierro
1093 840 1148 900 adu·

146 937 258 997 rontnr;
285 936 315 986 et
333 945 417 1005 quum
439 935 554 985 crustae
576 925 761 1001 exciderunt,
786 943 902 1004 squama
930 927 1018 985 aeris
1047 928 1147 1004 insper-

146 1012 240 1089 gitur,
260 1029 296 1070 nc
312 1009 380 1088 quid
395 1009 436 1068 ibi
449 1028 548 1069 rursus
564 1011 716 1070 increscat.

210 1096 241 1156 3.
269 1094 350 1152 llaec
370 1095 441 1152 citra
460 1111 594 1153 cancrum
616 1103 696 1160 sunt:
725 1095 772 1171 qui
790 1111 876 1172 quum
893 1094 922 1152 in
941 1094 1080 1172 reliquis
1098 1088 1184 1171 penul

147 1177 238 1252 tibus,
270 1187 328 1237 tum
354 1178 382 1235 in
409 1177 452 1236 his
482 1195 597 1256 quoque
625 1178 672 1236 rel
700 1179 857 1255 praecipue
886 1177 994 1237 ulcera
1029 1179 1148 1238 iniestrt
1183 1232 1184 1281 p

147 1261 251 1339 Incipit
268 1277 284 1320 a
298 1261 427 1337 nigritie:
452 1279 526 1340 quae
543 1263 568 1320 si
583 1271 676 1321 cutem
694 1262 864 1341 occupavit,
888 1264 1034 1340 protinus
1050 1260 1147 1340 specil

68 1368 71 1374 ·
148 1346 205 1406 lum
226 1344 454 1420 subjiciendum,
481 1363 574 1423 caque
597 1345 748 1406 incidenda
770 1355 830 1412 est;
860 1343 968 1406 deinde
997 1365 1078 1408 orae
1100 1344 1148 1403 rul-

148 1429 222 1490 sella
239 1428 476 1507 prehendendam
499 1438 573 1504 tum,
590 1429 727 1508 quidquid
742 1439 907 1508 corruptam
925 1440 994 1507 est,
1017 1429 1146 1490 exciden

148 1514 214 1575 dum
240 1515 300 1590 sic,
323 1522 352 1573 ut
374 1531 411 1572 ex
427 1515 541 1590 integro
558 1531 672 1591 quoque
689 1513 804 1592 paulum
820 1515 968 1591 dematur,
999 1515 1096 1594 idque
1110 1511 1165 1572 adu

143 1597 296 1658 urendum.
334 1598 456 1672 Quoties
479 1597 547 1676 quid
568 1607 659 1657 ustum
683 1607 743 1674 est,
766 1598 794 1658 id
810 1615 926 1677 quoque
941 1601 1106 1677 sequitur,
1126 1604 1146 1654 ut
1183 1650 1184 1663 .

147 1681 322 1760 imponenda
349 1681 486 1741 lenticula
511 1683 560 1750 sit;
590 1680 714 1758 deinde,
747 1681 794 1742 nbi
819 1691 934 1742 crustae
962 1683 1144 1752 exciderunt,

147 1766 247 1824 ulcera
269 1767 343 1824 sicut
357 1765 413 1825 alia
428 1775 572 1826 curentur.
609 1766 649 1825 Ar
666 1767 690 1826 si
707 1784 813 1826 cancer
830 1768 920 1845 ipsum
941 1766 1052 1826 colem
1071 1783 1146 1828 occu·

148 1849 241 1926 pavit,
263 1849 458 1926 inspergenda
481 1849 575 1927 aliqua
599 1859 664 1908 sunt
680 1868 717 1918 eur
733 1849 937 1924 adurentibus,
961 1853 1144 1927 maximeque

147 1931 176 1991 id
198 1930 275 2008 quod
289 1950 327 1991 ex
346 1933 442 2009 calce,
465 1933 634 2009 chalcitide,
659 1935 869 2013 auripigmento
884 1936 1093 2012 componitur.
1122 1933 1164 1990 Sis

147 2015 354 2076 medicamenta
371 2020 538 2093 uincuntur,
553 2016 601 2077 bic
618 2035 736 2096 qnoque
747 2017 908 2096 scalpello,
924 2017 1079 2096 quidquid
1094 2034 1143 2076 cor·

147 2109 260 2178 raptum
282 2110 343 2177 est,
374 2104 432 2178 sic,
461 2111 492 2162 ut
512 2102 620 2180 aliquid
644 2104 728 2162 etiam
751 2103 854 2179 integri
875 2101 982 2178 trabat,
1019 2100 1144 2180 praecidi

147 2184 245 2244 debet.
278 2184 351 2244 lllud
374 2203 491 2264 quoque
513 2204 606 2265 aeque
629 2195 800 2264 perpetuum
822 2195 881 2260 est,
907 2187 1015 2246 exciso
1046 2201 1142 2248 cancro

147 2269 250 2328 vulnus
265 2287 333 2330 esse
348 2268 533 2330 adurendum.
568 2270 626 2330 Sed
641 2271 703 2330 sire
721 2289 760 2329 ex
774 2269 1011 2345 medicamentis,
1032 2273 1102 2330 sive
1116 2285 1142 2326 eu

147 2352 226 2412 ferro
250 2361 365 2414 crustae
383 2354 600 2429 occalluerunt,
625 2371 757 2431 magnum
774 2353 931 2432 periculum
956 2361 1024 2429 est,
1051 2372 1092 2412 ne
1110 2353 1161 2412 lisa

148 2436 364 2514 decidentibus,
388 2457 426 2498 ex
446 2438 511 2498 cole
533 2438 664 2516 prolusio
680 2439 827 2514 sangoinis
842 2441 1028 2516 insequatur.
1069 2437 1143 2513 Ergo

148 2518 238 2595 longa
259 2522 373 2596 quiete,
399 2531 428 2581 et
450 2521 586 2581 immobili
607 2537 846 2600 paenecorpore
869 2539 942 2600 opus
959 2529 1028 2597 est,
1056 2522 1143 2581 donec

148 2618 186 2659 ex
201 2603 267 2678 ipso
283 2613 397 2664 crustae
415 2604 519 2665 leniter
535 2606 727 2666 resolvantur.
748 2605 788 2664 At
801 2607 825 2664 si
840 2606 890 2666 vel
904 2604 1012 2664 volens
1031 2606 1142 2683 aliquis,

147 2683 196 2743 rel
217 2686 397 2762 imprudens,
424 2688 488 2748 dum
510 2689 681 2766 ingreditur,
710 2691 856 2750 inatme
881 2695 992 2749 crustas
1023 2689 1141 2760 diduxit,

148 2776 177 2828 et
199 2767 260 2829 lluit
281 2773 414 2848 sanguis,
436 2772 540 2849 irigida
561 2773 810 2852 aquaadlribenda
828 2784 887 2834 est:
910 2773 934 2832 si
948 2770 1028 2832 baec
1048 2786 1163 2851 parumn

146 2852 241 2930 ualet,
269 2853 477 2915 decurrendum
500 2867 544 2917 est
566 2858 602 2917 ad
624 2857 848 2932 medicamenta,
874 2875 947 2935 quae
969 2858 1141 2933 sanguineo

147 2939 325 3017 supprimunt
341 2940 395 3019 (ci.
412 2939 449 3014 V,
466 2941 514 3018 18,
530 2939 586 3010 22;
605 2941 656 3016 22,
673 2943 726 3018 6);
753 2943 778 3000 si
795 2959 832 3001 ae
849 2942 922 3000 haec
937 2939 1060 3018 qruidem
1081 2957 1139 2998 suc·

147 3033 280 3099 comunt,
301 3024 380 3084 aduri
396 3025 551 3100 diligenter
567 3035 596 3084 et
613 3025 709 3084 timide
724 3025 826 3085 debet:
848 3043 942 3104 neque
958 3022 1020 3084 ullo
1039 3033 1139 3104 poster

146 3114 224 3164 motu
240 3104 347 3168 dandus
363 3109 454 3168 eidem
471 3109 600 3187 periculo
619 3110 702 3168 locus
719 3117 773 3168 est.

210 3189 239 3246 4.
260 3188 478 3270 Nonnumquam
496 3194 580 3252 etiam
600 3193 627 3252 id
644 3211 737 3270 genus
752 3192 790 3251 ibi
805 3193 917 3266 cancri,
934 3190 1012 3268 quod
1030 3187 1160 3270 φαγέ-ιι

148 3266 246 3328 dauco
267 3289 283 3329 a
306 3273 426 3333 Graecis
450 3279 633 3350 nominatur,
654 3278 724 3335 oriri
750 3276 836 3336 solet.
883 3274 916 3333 ln
942 3294 999 3356 quo
1024 3277 1137 3336 minime

7 3382 22 3408 s
147 3353 352 3430 differendum,
372 3358 423 3416 scd
435 3361 564 3435 protinus
576 3360 676 3420 iisdem
688 3360 919 3435 medicamentis,
937 3369 984 3433 et,
999 3361 1024 3418 si
1041 3375 1135 3439 parum

147 3437 259 3512 uelem,
293 3439 373 3499 ferro
404 3441 587 3503 adurendum.
638 3444 785 3518 Quaedam
810 3445 895 3504 etiam
922 3444 1060 3534 nigrities
1087 3452 1134 3518 est,
