2372 3892
371 188 440 238 tus.
456 189 515 238 un
533 181 1016 244 cnr.x1v.291

18 340 81 416 dit,
100 340 158 400 sad
175 341 304 420 protinus
320 340 410 404 redit:
432 342 596 419 resupinato
610 361 724 424 queque
741 363 867 445 corpore
882 359 1021 410 tumorem

18 427 52 484 in
69 423 178 483 eadem
194 426 285 501 ligura
301 433 388 485 tenet
419 423 464 484 Ex
480 424 523 484 bis
539 427 578 501 id,
595 428 671 506 quod
687 447 723 488 ex
732 431 834 509 spirutu
849 434 946 492 vitium
963 441 1019 507 est,

19 507 200 568 medicinam
226 526 282 567 non
307 505 434 568 admittit.
474 507 549 569 Caro
570 527 685 590 quoquc
718 515 901 575 carcinomati
919 516 1020 576 similis

21 610 91 662 cum
114 591 248 670 periculo
268 601 418 652 tractatur:
441 592 537 670 itaque
566 594 720 654 omittenda
745 606 798 655 est.
831 599 905 658 Sana
926 598 1019 658 excidi

22 675 133 744 debet;
152 674 238 752 idque
254 675 355 744 vulnus
368 675 527 734 linamentis
545 681 646 736 curari.
678 678 828 740 Humorem
846 682 958 759 quidem
972 680 1020 741 vel

21 760 122 818 inciso
140 775 249 818 summo
265 768 375 820 tumore
389 758 550 836 effundunt,
576 770 604 820 et
622 762 723 822 vulnus
741 764 841 825 iisdem
861 765 1020 825 linamentis

23 850 140 902 curant.
169 840 202 900 ln
199 841 336 932 reliquis
355 843 451 902 variae
466 846 626 904 sententiae
642 855 715 905 sunt.
745 846 788 906 Ac
801 849 1021 947 resupinandum

23 925 145 1004 quidem
161 915 268 1023 co'rpus
288 944 366 1002 esse,
383 943 430 984 res
445 927 508 1003 ipsa
523 921 655 997 testatum
675 939 703 990 ut
718 931 746 988 in
764 940 883 1008 uterum,
901 933 963 990 sive
979 933 1019 990 in·

22 1011 180 1086 testinum,
192 1010 254 1068 siue
270 1018 411 1071 omentum
427 1018 489 1085 est,
506 1011 664 1072 delabatur.
695 1014 779 1074 Sinus
798 1032 867 1076 vero
885 1014 1018 1091 umbilici,

1 1110 5 1137 ¹
23 1103 86 1152 tum
99 1110 219 1168 uacuus,
234 1111 250 1153 a
266 1092 434 1170 quibusdam
449 1092 558 1154 duabus
574 1096 683 1173 regulis
699 1107 840 1175 exceptus
843 1077 915 1168 est;
932 1098 1019 1157 vehe-

22 1185 200 1254 menterque
216 1195 311 1236 earum
329 1175 471 1254 capitibus
484 1177 631 1257 deligatis,
647 1179 687 1238 ibi
705 1184 855 1241 emoritur:
873 1182 1020 1259 aquibus

23 1261 110 1335 dam,
128 1260 187 1318 ad
179 1277 261 1318 unum
276 1278 330 1320 acu
346 1261 483 1335 trapecta
500 1261 555 1320 duo
571 1263 626 1323 lma
639 1263 777 1342 ducente
800 1264 903 1324 demde
919 1267 1019 1325 utruus

25 1363 85 1423 qne
101 1344 152 1402 lini
170 1343 281 1405 duobus
298 1341 439 1422 capitibus
453 1342 586 1404 diversae
603 1356 699 1426 partes
713 1347 885 1416 adstrictae;
905 1347 1021 1426 quadiu

23 1447 83 1488 uva
106 1444 225 1504 quoque
244 1427 320 1488 oculi
342 1428 385 1487 lut:
409 1444 473 1486 nam
495 1429 538 1488 sic
558 1429 586 1488 id
594 1430 701 1508 ,quod
720 1449 806 1510 supra
819 1431 961 1490 vinculum
978 1440 1021 1490 est

0 1512 86 1590 ,(ci.
110 1530 190 1589 supr.
208 1513 236 1586 7,
255 1512 324 1590 11),
351 1511 497 1570 emoritur.
529 1511 707 1586 Adjecerunt
728 1515 855 1592 quidam,
873 1524 916 1590 ut,
942 1523 1020 1574 ante·

25 1614 115 1674 quam
131 1595 288 1668 vincirent,
311 1612 447 1654 summum
470 1613 524 1656 una
544 1594 621 1657 linea
643 1597 817 1674 inciderent,
839 1598 1020 1658 exciderent·

26 1698 101 1758 que;
128 1695 184 1756 quo
202 1678 315 1739 facilius
330 1678 421 1755 digito
439 1678 582 1755 demisso,
600 1680 677 1759 quod
693 1681 761 1742 illuc
779 1683 945 1760 irrupisset,
968 1681 1019 1740 de·

26 1763 192 1844 pellerent:
218 1770 275 1836 tum
300 1762 403 1824 deinde
422 1765 582 1824 vinxerunt.
618 1765 676 1824 Sed
697 1764 810 1826 abunde
832 1774 891 1842 est,
915 1763 1021 1841 jubere

26 1848 163 1926 spiritum
179 1848 342 1923 continere,
358 1855 387 1905 ut
400 1855 510 1922 tumor,
535 1857 655 1926 quantus
670 1851 808 1910 maximus
828 1867 895 1910 esse
911 1855 1020 1927 potest,

7 1949 62 1992 ,ιιι
79 1928 230 1990 ostendat:
250 1939 306 1989 turn
323 1931 406 1990 imam
419 1930 514 1998 ,basim
538 1933 600 2007 ejus
622 1941 778 1994 atramento
798 1941 916 2000 notare;
941 1949 1020 1992 resu-

28 2013 334 2094 pinatoque-bomine,
351 2014 447 2090 digitis
462 2023 599 2076 tumorem
616 2035 678 2074 eum
695 2035 843 2094 premere,
860 2026 890 2076 ιιι
909 2017 932 2075 si
954 2013 1021 2092 quid

26 2099 182 2176 delapsum
198 2114 255 2157 non
271 2106 332 2174 est,
358 2115 441 2158 manu
462 2107 599 2174 cogatur:
623 2109 691 2176 post
712 2099 785 2160 baec
800 2098 961 2159 umbilicum
980 2105 1019 2154 at·

25 2181 165 2258 trabere,
182 2190 210 2241 et
226 2199 281 2260 qua
296 2190 362 2241 nota
378 2182 525 2242 atramenti
543 2191 603 2256 est,
619 2181 677 2242 lino
695 2182 880 2242 vehementer
901 2181 1021 2241 adstrin·

25 2283 120 2344 gere:
138 2264 241 2326 deinde
257 2274 366 2344 partem
378 2267 558 2342 superiorem
573 2275 620 2325 aut
631 2265 862 2341 medicamentis,
880 2273 927 2324 aut
943 2263 1021 2322 terro

27 2349 171 2424 adurere,
186 2347 280 2409 donec
298 2349 466 2408 emoriatur:
494 2358 603 2427 atque,
624 2359 655 2410 ut
669 2358 766 2410 cetera
782 2357 858 2424 usta,
875 2348 957 2406 ulcus
972 2364 1020 2404 uu·

27 2436 113 2493 trine.
156 2430 247 2510 ldque
265 2449 321 2492 non
343 2432 435 2492 solum
452 2432 499 2490 ubi
520 2434 696 2510 intestinum,
721 2433 947 2507 vel-omentum,
975 2427 1022 2488 vel

27 2527 181 2594 utrumque
197 2525 257 2584 est;
281 2516 332 2575 sed
349 2517 434 2576 etiam
451 2516 498 2575 ubi
514 2515 615 2576 humor
627 2526 680 2593 est,
699 2518 807 2596 optime
823 2515 946 2595 prolicit.
964 2510 1021 2572 Sed

31 2610 99 2660 ante
121 2600 260 2676 quaedam
283 2599 400 2660 visenda
422 2608 503 2676 sunt,
526 2601 655 2676 nequod
676 2619 712 2660 ex
730 2600 843 2660 vinculo
864 2597 1022 2678 periculum

32 2687 79 2744 sit.
109 2683 180 2742 Nam
205 2685 343 2744 curationi
366 2701 460 2761 neque
480 2683 573 2742 infans
581 2702 701 2762 ,neque
717 2693 763 2744 aut
778 2684 912 2743 robustus
932 2681 1022 2754 annis,

0 2791 23 2831 ιο
34 2776 82 2828 aut
96 2785 187 2826 senex
205 2775 288 2844 aptus
304 2775 363 2834 est;
382 2767 433 2826 sed
451 2785 466 2826 a
484 2769 605 2844 septimo
620 2767 684 2827 iere
699 2786 772 2829 anno
792 2768 826 2828 ad
843 2765 1023 2844 quartumde-

35 2854 146 2910 cimum.
179 2850 290 2910 Deinde
317 2851 344 2912 ei
369 2869 475 2929 corpus
494 2851 626 2910 idoneum
649 2862 693 2912 est
713 2851 757 2926 id,
784 2850 860 2928 quod
881 2852 1024 2940 integrum
1085 2879 1087 2883 ·

36 2943 96 2994 est:
121 2943 148 2993 at
173 2933 250 3012 quod
271 2933 335 2994 mali
358 2933 470 2993 babitus
494 2943 548 3009 est,
575 2934 710 3012 quodque
728 2932 866 3011 papulas
881 2928 1023 3007 impetigi·
1116 2949 1122 2964 s

35 3035 102 3093 nes,
121 3018 280 3094 similiaque
294 3017 395 3094 babet
411 3018 543 3077 idoneum
558 3035 615 3077 non
630 3026 683 3075 est
712 3015 835 3075 Levibus
849 3029 965 3091 quoque
983 3021 1023 3068 tu

36 3100 162 3160 moribus
188 3101 276 3160 facile
302 3101 483 3160 subvenitur:
513 3109 540 3158 at
564 3101 592 3158 in
616 3117 731 3174 eorum,
758 3099 805 3176 qui
827 3097 907 3156 nimis
931 3094 1025 3171 magni

2 3193 117 3260 mount,
140 3186 287 3244 curatione
307 3184 465 3263 periculum
488 3191 541 3242 est.
575 3182 699 3260 Tempus
721 3188 814 3241 autem
838 3181 901 3240 anni
923 3188 951 3240 et
978 3196 1024 3236 au-

38 3267 175 3344 tumnale,
202 3277 232 3327 et
259 3267 407 3328 bibemum
429 3266 572 3325 vitandum
593 3275 651 3326 est.
678 3283 728 3325 ver
752 3263 885 3324 idoneum
903 3264 1025 3322 maxime

39 3360 98 3412 est:
118 3369 152 3410 ac
170 3353 259 3428 prima
276 3361 372 3412 aestas
389 3368 446 3410 non
466 3350 558 3409 aliena
574 3357 627 3408 est.
658 3349 776 3408 Praeter
790 3347 864 3412 baec
880 3346 1024 3407 abstinere

39 3434 129 3514 pridie
145 3434 242 3493 debet
273 3435 376 3512 Neque
399 3433 427 3493 id
447 3435 517 3492 satis
540 3442 599 3502 est;
622 3434 675 3520 sed
696 3433 910 3574 ³¹v¹¹ff9qss¹⁰q¹¹⁰
934 3430 959 3487 ei
977 3427 1025 3485 du-
