2384 3896
391 225 460 276 urs.
477 227 528 276 vn
547 225 622 276 cur.
637 229 684 277 vr.
977 218 1038 281 220

109 381 139 444 8.
162 379 319 461 Euelpides
335 389 445 458 autern,
464 382 511 460 qui
526 391 621 442 aetate
636 392 735 444 nostra
749 387 887 448 maximus
904 388 956 448 luit
971 406 1038 449 ocu·

46 467 134 528 larius
149 464 293 542 medicus,
314 464 446 525 utebatur
462 483 514 543 eo,
538 465 616 544 quod
630 468 694 547 ipse
709 481 925 548 composuerat:
939 481 1037 550 trygo-

47 552 97 612 des
113 549 291 610 nominabat:
329 549 460 612 Castorei
476 567 505 628 p.
521 550 576 629 )·(.
593 569 646 609 aa.
663 551 748 629 lycii,
770 553 866 628 nardi,
884 557 1039 634 papaveris

47 635 199 710 lacrimae,
223 633 401 710 singulorum
417 653 444 712 p.
461 635 518 712 )·(.
535 647 557 694 1.
576 636 672 710 croci,
694 636 843 712 myrrhae,
866 638 966 714 aloes,
982 642 1037 698 siu-

27 718 178 795 ugulorum
197 719 297 796 p.v)-(.
318 731 363 777 1v.
387 719 462 776 aeris
483 718 624 777 combusti
645 737 673 797 p.
689 719 744 797 )·(.
765 733 838 785 vult.
863 722 989 781 cadmiae
1010 732 1039 781 ct

49 801 143 878 stibis,
166 801 344 878 singulorum
368 819 395 881 p.
416 801 473 880 )-(.
494 815 556 860 ΧΠ.
581 804 698 862 acaciae
720 805 800 863 succi
820 820 849 882 p.
868 805 924 884 )·(.
942 819 1036 865 xxvi.

50 887 148 962 gummi
166 883 348 944 tantumdem.

89 970 172 1046 ‚Quo
193 971 407 1046 gravior'vero
432 985 562 1048 quaeque
583 957 766 1030 inflammatio
792 979 852 1047 est,
882 990 918 1032 eo
945 974 1039 1050 magis
1095 1005 1097 1011 ·
1131 946 1159 964 ’-

50 1053 129 1113 leniri
143 1052 381 1112 medicamentum
399 1051 502 1128 debet,
519 1054 634 1129 adiecto
650 1053 697 1114 vel
713 1054 780 1114 albo
796 1057 860 1132 oui,
876 1055 923 1115 vel
938 1056 1038 1115 mulie·

20 1135 90 1198 rubri
105 1138 190 1198 lacte.
222 1135 267 1196 Ac
284 1137 308 1196 si
323 1155 417 1216 nsque
434 1137 579 1214 medicus,
595 1155 689 1217 neque
706 1137 940 1198 medicamentum
955 1156 1038 1218 prac-

50 1229 92 1280 sto
111 1230 169 1298 est,
195 1221 311 1298 saepius
332 1220 496 1281 utrunrlibet
518 1221 618 1281 borum
639 1225 667 1281 in
690 1222 792 1282 oculos
810 1222 947 1301 penicillo
962 1223 998 1282 ad
1011 1222 1040 1281 id

49 1305 137 1385 ipsum
154 1304 234 1364 facto
250 1305 388 1384 inlusum,
404 1303 433 1364 id
448 1305 551 1365 malum
567 1305 646 1364 lenit.
683 1305 739 1364 Ubi
756 1323 828 1366 vero
846 1306 947 1384 aliquis
965 1305 1038 1365 role-

49 1397 127 1448 vatus
143 1397 204 1464 est,
218 1387 337 1466 jamque
354 1406 455 1448 cursus
473 1390 592 1467 pituitae
605 1390 748 1465 constitit,
763 1389 901 1468 reliquias
915 1391 1039 1449 lortasse

51 1471 174 1532 leuiores
197 1472 306 1531 futuras
326 1472 479 1532 discutiunt
501 1471 633 1531 balneum
656 1481 685 1532 et
699 1473 804 1531 vinum.
842 1472 933 1549 lgitur
949 1473 1040 1532 lavari

22 1571 43 1614 u
52 1555 146 1633 debet,
166 1556 272 1616 leviter
292 1565 357 1616 ante
379 1573 417 1614 ex
435 1555 502 1615 oleo
521 1555 708 1635 perfricatus,
731 1555 891 1634 diutiusque
907 1557 934 1614 in
951 1556 1039 1615 cruri-

51 1638 99 1698 bus
121 1649 148 1699 et
168 1639 336 1708 feminibus:
359 1640 504 1718 multaque
526 1639 618 1700 calida
640 1657 712 1718 aqua
729 1639 832 1698 lovere
849 1639 967 1708 oculos;
991 1638 1038 1698 dc-

51 1722 111 1782 inde
126 1741 178 1801 per
198 1731 284 1801 caput
300 1725 378 1803 prius
395 1723 503 1799 calida,
525 1733 582 1783 tum
602 1722 718 1800 egelida
735 1713 882 1802 perfundi:
903 1722 1039 1783 abalneo

52 1823 150 1866 cauere
170 1823 209 1876 ne
234 1823 291 1884 quo
313 1808 423 1884 frigore
446 1807 581 1868 allatura
604 1805 750 1867 laedatur:
780 1817 846 1886 post
871 1807 945 1866 haec
973 1805 1039 1866 cibo

53 1889 133 1968 paulo
153 1891 302 1968 pleniore,
327 1909 410 1970 quam
431 1910 469 1950 ex
491 1881 589 1951 eordm
611 1891 723 1952 dierum·
742 1891 962 1967 consuetudine,
988 1891 1039 1964 uti,

23 1975 141 2033 mutatis
160 1983 256 2034 tamen
277 1974 406 2040 omnibus
427 1977 554 2054 pituitam
570 1974 803 2044 extenuantibus;
829 1975 924 2033 uinum
939 1972 1040 2033 bibere

53 2056 126 2133 leve,
156 2057 372 2135 subausterum,
402 2059 515 2118 modice
545 2067 648 2134 vetus,
678 2075 773 2136 neque
801 2057 913 2133 elluse,
944 2073 1040 2135 neque

53 2141 155 2210 timide;
176 2151 208 2200 ut
222 2159 316 2220 neque
333 2142 457 2202 cruditas
473 2160 510 2201 cx
526 2157 580 2216 eo,
597 2150 734 2202 ettamen
753 2159 869 2200 somnus
885 2142 952 2216 flat,
969 2140 1039 2198 leui-

53 2233 183 2303 urturque
205 2224 416 2302 intuslatentia
440 2227 527 2284 acria.
564 2223 621 2285 Sed
641 2227 665 2284 si
687 2225 751 2302 quis
776 2225 804 2284 in
829 2224 934 2283 balneo
950 2222 1041 2282 sensit

55 2309 184 2382 majorem
207 2309 356 2369 oculorum
379 2309 642 2388 perturbationem,
672 2325 755 2386 quam
778 2307 927 2376 attuleram
964 2303 1041 2385 quod

27 2391 173 2452 reincidere
193 2393 229 2452 iis
248 2393 340 2469 solet,
367 2395 414 2471 qui
431 2401 563 2452 manante
580 2392 671 2452 adbuc
688 2393 806 2468 pituitae
823 2407 907 2450 cursu
918 2390 1040 2450 bstine-

56 2484 126 2544 runt:
149 2479 356 2555 quamprimum
377 2476 529 2536 discedere
551 2475 651 2544 debet;
674 2474 743 2534 nibil
767 2491 803 2533 eo
822 2473 867 2533 die
886 2475 944 2532 vini
960 2489 1040 2534 assu·

55 2565 142 2637 nere,
166 2560 224 2620 cibi
243 2562 334 2619 minus
350 2561 450 2635 etiam,
471 2577 554 2637 quam
570 2559 675 2638 pridie:
697 2558 801 2618 deinde
819 2575 903 2636 quum
921 2558 1042 2637 primuun

56 2643 118 2700 satis
137 2645 237 2722 pituita
260 2643 401 2719 substitit,
425 2645 525 2702 iterum
553 2642 588 2702 ad
608 2661 688 2702 usum
702 2641 798 2727 balnei
813 2641 920 2702 redire.
959 2641 1043 2704 Solet

56 2731 140 2785 tamen
163 2729 283 2787 evenire
305 2727 531 2806 nonnumquam,
558 2727 620 2786 sive
639 2733 840 2805 tempestatum
862 2727 951 2803 vitio,
979 2726 1041 2784 sive

28 2812 198 2887 ttoorporis,
213 2819 243 2869 ut
257 2811 387 2888 pluribus
402 2811 503 2870 diebus
518 2828 612 2887 neque
624 2809 725 2886 dolor,
741 2828 834 2888 neque
846 2809 1041 2880 inflammatio,

57 2898 82 2948 et
99 2893 207 2953 minime
225 2895 342 2972 pituitae
358 2911 458 2954 cursus
475 2896 595 2954 liniatur.
629 2893 715 2968 Quod
731 2892 777 2952 ubi
792 2891 907 2962 incidit,
923 2893 1041 2966 jamque

56 2973 112 3049 ipsa
133 2985 274 3037 vetustate
290 2996 338 3038 res
356 2988 464 3038 matura
482 2987 543 3054 est,
566 2976 602 3036 ab
621 2975 721 3036 iisdem
737 2975 870 3035 anaxilium
885 2972 1042 3051 petendum

57 3065 110 3131 est,
127 3060 155 3119 id
171 3069 218 3120 est
232 3060 337 3122 balneo
354 3079 388 3122 ac
404 3063 480 3121 vino.
503 3061 583 3120 llaec
602 3063 676 3120 enirn
692 3061 763 3118 utin
778 3056 944 3116 recentibus
960 3055 1042 3114 malis

57 3135 141 3203 aliena
162 3154 244 3220 snut,
271 3148 337 3226 quia
360 3147 506 3206 concitare
522 3162 556 3203 ea
572 3151 693 3222 possunt
711 3151 740 3200 et
756 3141 932 3218 accendere;
956 3141 1042 3200 sicin

30 3227 211 3306 cruentius,
234 3245 308 3306 quae
325 3229 410 3288 nullis
428 3229 540 3289 auxiliis
558 3235 722 3302 cesserunt,
746 3225 893 3284 admodum
910 3225 1042 3285 efficacia

60 3321 118 3367 csse
138 3321 329 3372 consuerunt:
352 3311 490 3371 videlicet
510 3311 557 3370 hic
581 3327 714 3388 quoque,
739 3317 769 3369 ut
792 3310 874 3386 alibi,
896 3327 981 3387 quum
996 3324 1042 3366 se·
1145 3311 1149 3318 '

60 3392 140 3454 cunda
154 3413 225 3456 nana
241 3397 363 3474 luerint,
381 3397 531 3456 contran'is
546 3393 755 3471 adjuvantibus.
779 3394 836 3454 Sed
849 3401 914 3452 ante
929 3390 1041 3450 tonderi

60 3471 90 3530 td
105 3486 193 3538 cutem
207 3482 356 3540 convenit:
375 3479 478 3540 deinde
490 3481 517 3538 in
527 3477 632 3538 balneo
646 3495 718 3556 aqua
731 3478 824 3538 calida
836 3473 1041 3555 quamplurima
