2384 3896
117 159 176 222 152
404 171 437 218 n.
454 167 484 218 c.
503 167 602 218 cunsr
619 165 815 216 memorans

116 347 208 408 equo,
240 326 376 407 prodest:
403 341 499 406 neque
524 325 597 388 enim
618 305 677 385 ulla
697 343 746 386 res
767 323 859 402 magis
879 323 1026 386 intestina
1042 339 1114 383 coa-

116 415 218 474 lirmat.
242 411 271 471 st
289 425 359 471 vero
375 412 460 470 etiam
478 410 694 471 medicamentis
706 410 840 471 utendum
852 418 911 486 est,
928 408 1114 488 aptissimum
1132 479 1137 490 .

116 496 204 556 estid
222 495 298 574 quod
316 513 354 555 ex
369 497 462 573 pomis
480 495 520 554 int.
554 493 719 553 Vindemiae
736 502 868 573 tempore
884 495 913 552 iu
928 492 1117 569 grandevae

116 579 297 657 conjicienda
319 587 383 639 sunt
406 579 466 657 pira
490 588 575 657 atque
597 578 670 638 mala
690 577 849 639 silvestria:
869 577 893 636 si
908 595 943 637 ea
959 593 1021 637 non
1038 585 1117 650 sunt,

23 716 29 728 .
117 667 179 746 pira
205 664 345 724 tarentina
375 662 488 740 viridia,
518 662 566 722 vel
595 663 726 738 signina,
757 663 832 722 mala
860 659 1036 736 scandiana,
1068 659 1137 722 veis

15 776 27 784 ·
117 751 259 827 amerina,
276 744 384 826 [phul]
400 748 528 824 myrapia
545 745 599 824 (cl.
617 745 886 824 Colum.XII‚10;
909 744 982 804 Plin.
999 743 1119 820 XXIII,

118 837 152 910 l,
170 833 242 911 21);
265 831 368 910 hisque
384 830 546 906 adjicienda
563 840 628 890 sunt
644 839 783 909 cotonea,
807 841 836 891 et
853 845 916 890 cum
931 829 1004 908 ipsis
1024 828 1118 889 corti·

116 917 198 978 cibus
221 917 280 977 suis
302 916 422 995 punica,
445 915 550 991 sorba,
572 923 601 974 et
623 915 726 994 quibus
746 917 839 993 magis
861 916 981 991 utimur,
1006 923 1042 974 et
1059 922 1119 972 tor·
1159 967 1160 972 ,

115 1002 245 1077 minalia,
266 1001 324 1075 siu,
345 1008 376 1058 ut
397 998 471 1059 haec
485 999 597 1060 tertiam
612 999 689 1060 ollae
706 1008 816 1078 partem
832 1007 960 1058 teneant:
983 1007 1051 1058 tum
1068 997 1120 1055 de·

116 1086 182 1146 inde
200 1103 234 1144 ea
249 1091 341 1142 musto
358 1083 503 1160 implenda
519 1093 576 1153 est;
595 1083 835 1162 coquendumque
845 1082 888 1160 id,
907 1082 1001 1142 donec
1017 1081 1119 1140 omnia
1130 1092 1150 1135 tt

118 1187 191 1248 quae
214 1167 301 1226 indita
317 1175 397 1242 sunt,
420 1167 543 1246 liquata,
565 1169 743 1226 inunitatem
761 1167 909 1246 quamdam
926 1175 1048 1226 coeant.
1087 1163 1121 1224 ld

117 1254 213 1330 gustui
230 1268 288 1310 non
302 1251 421 1310 iusuave
438 1261 497 1321 est;
516 1260 562 1328 ct,
579 1251 817 1332 quandocumque
834 1267 908 1330 opus
922 1259 983 1326 est,
999 1267 1121 1310 assum-

115 1347 174 1396 tum
196 1336 317 1412 leniter,
338 1337 400 1394 sine
415 1335 473 1396 ulla
495 1336 635 1395 stomachi
657 1354 750 1415 nona,
773 1345 904 1396 ventrem
919 1343 1006 1394 tenet.
1051 1333 1122 1392 Duo

118 1429 164 1482 aut
184 1421 238 1478 tria
259 1419 425 1480 cochlearia
447 1437 501 1480 uno
525 1420 572 1479 die
599 1422 753 1498 sumsisse,
783 1422 853 1479 satis
877 1427 931 1478 est.
975 1417 1122 1478 Alterum

115 1504 259 1565 valentius
279 1523 386 1580 genus:
409 1505 494 1578 myrti
512 1504 619 1564 baccas
640 1504 758 1582 legere,
781 1522 819 1562 ax
840 1503 883 1563 his
899 1505 994 1563 vinum
1009 1504 1151 1581 expo-u

116 1607 210 1668 mere,
228 1587 256 1649 id
282 1588 468 1668 decoquere,
504 1598 534 1649 ut
559 1588 670 1650 decima
697 1606 765 1667 pars
791 1595 954 1664 remaneat,
984 1587 1122 1664 ejusque

118 1676 249 1751 cyathum
262 1672 395 1732 sorbere.
417 1673 559 1750 Tertium,
576 1673 652 1752 quod
665 1673 904 1752 quandocumque
917 1672 980 1731 lieri
994 1679 1120 1750 potest:

116 1760 220 1819 malum
242 1758 375 1836 punicum
392 1774 554 1834 excavare,
580 1759 781 1837 exemptisque
796 1756 927 1816 omnibus
941 1754 1121 1831 seminibus,
1169 1831 1170 1834 Ἴ

116 1842 296 1904 membranas
317 1859 390 1920 quae
411 1841 485 1900 inter
506 1859 540 1901 ea
563 1841 692 1918 luerunt,
724 1844 827 1901 iterum
855 1841 1018 1916 conjicere:
1058 1849 1122 1898 tum

116 1925 266 1987 Infundere
289 1925 375 1985 cruda
398 1942 469 2002 ova,
499 1925 686 2004 rudiculaque
709 1928 850 1986 mlacere:
879 1924 982 1984 deinde
1003 1923 1152 1983 malumst

116 2013 209 2090 ipsum
227 2027 315 2086 super
331 2027 449 2089 prunam
465 2011 630 2089 imponere;
649 2009 740 2089 quod,
762 2009 827 2068 dum
844 2007 947 2068 humor
962 2010 1039 2068 intus
1059 2017 1120 2084 est,

117 2112 175 2155 non
197 2091 338 2154 aduritur:
368 2093 416 2153 ubi
438 2096 547 2154 siccum
570 2112 636 2153 esse
661 2095 774 2172 coepit,
804 2111 958 2153 removere
979 2101 1120 2171 oportet,

118 2186 335 2256 extractumque
357 2178 521 2253 cochleari,
547 2178 624 2255 quod
645 2178 719 2237 intus
735 2187 796 2253 est,
812 2177 919 2237 edisse.
954 2175 1122 2254 Aliquibus

118 2263 257 2338 adJectis,
273 2263 365 2337 majus
381 2271 554 2322 momentum
570 2261 670 2322 habet:
692 2264 789 2340 itaque
806 2263 890 2322 etiam
905 2262 933 2320 iu
947 2261 1121 2340 piperatum

118 2347 285 2424 conjicitur,
311 2348 504 2425 misceturque
528 2364 592 2405 cum
614 2345 725 2416 saleet
747 2346 866 2425 pipere,
893 2355 978 2424 atque
1001 2363 1039 2403 ex
1069 2345 1151 2404 htsu
1190 2375 1191 2378 ¹

119 2430 259 2491 edendum
275 2440 337 2490 est:
364 2430 505 2493 Pulticula
521 2433 621 2508 etiam,
638 2447 702 2488 cum
716 2448 771 2508 qua
787 2430 901 2509 paulum
919 2419 1038 2489 exlavo
1063 2447 1119 2489 ve·

117 2523 181 2574 tere
201 2521 314 2573 coctum
335 2515 388 2589 sit,
412 2523 441 2574 et
464 2514 600 2575 lenticula
619 2532 681 2573 cum
694 2514 845 2574 malicorio
863 2523 963 2591 cocta,
985 2512 1120 2591 rubique

119 2598 266 2657 cacumina
286 2598 314 2654 in
337 2615 409 2676 aqua
425 2598 563 2675 decocta,
584 2608 612 2657 et
627 2617 664 2658 ex
679 2598 746 2658 olco
765 2607 850 2677 atque
867 2607 951 2658 aceto
972 2608 1119 2676 assumta,

103 2679 356 2755 ‘ellicaciasuntz
386 2689 471 2758 atque
500 2699 534 2741 ea
560 2700 633 2762 aqua
660 2683 689 2741 in
716 2701 771 2761 qua
795 2681 844 2741 vel
870 2681 1029 2760 palmulae,
1064 2681 1119 2759 uel

117 2763 221 2825 malurn
244 2773 413 2841 cotoneum,
440 2764 489 2824 vel
513 2766 592 2826 arida
609 2765 712 2842 sorba,
740 2766 789 2825 vel
811 2764 875 2824 rubi
894 2765 1009 2826 decocti
1034 2767 1152 2832 sint3ac

119 2847 195 2928 quod
215 2866 307 2928 genus
330 2849 479 2926 significo,
504 2851 617 2928 quoties
638 2852 785 2928 potionem
805 2848 925 2910 dandam
946 2868 1012 2909 esse
1032 2848 1118 2924 dico,

119 2951 192 3012 quae
214 2933 383 3010 adstringat.
421 2932 520 2993 TritIci
543 2951 660 3012 quoque
676 2933 788 2994 hemina
803 2936 831 2992 in
848 2934 915 2993 viuo
931 2935 1043 2992 amineo
1063 2952 1118 2994 au·

118 3025 198 3076 stero
217 3017 401 3096 decoquitur;
431 3017 516 3095 idque
544 3019 668 3078 triticum
687 3018 790 3092 jejuno
817 3035 852 3076 ac
878 3019 985 3077 sitienti
1012 3017 1116 3096 datur;

118 3117 275 3178 superque.
289 3101 316 3160 id
332 3103 426 3160 vinum
443 3101 471 3160 id
488 3101 636 3161 sorbetur:
660 3101 736 3180 qnod
748 3103 816 3179 jure
833 3101 1036 3162 valentissimis
1050 3119 1116 3160 me-

118 3182 287 3243 dicamentis
317 3185 497 3244 annumerari
527 3193 633 3263 potest.
685 3185 780 3264 Atque
809 3187 895 3246 etiam
922 3187 1004 3265 potui
1028 3184 1150 3245 daturae

25 3269 30 3276 '
118 3269 213 3327 vinum
241 3267 396 3344 siguinum,
428 3269 477 3328 vel
504 3270 660 3328 resinatum
687 3279 849 3347 austerum,
883 3270 930 3330 vel
957 3268 1113 3350 quodlibet

120 3361 272 3412 austerum.
306 3349 551 3432 Contunditurque
572 3372 635 3413 cum
652 3354 807 3414 corticibus
823 3355 1037 3434 seminibusque
1051 3356 1115 3414 suis

120 3437 255 3516 punicum
275 3435 396 3514 malum,
417 3436 543 3515 vinoque
565 3437 616 3499 tali
640 3440 790 3498 miscetur:
821 3438 910 3518 idque
931 3439 979 3499 vel
1003 3455 1115 3499 merum
