2372 3892
133 183 195 245 316
421 195 456 244 n.
473 193 504 244 c.
521 193 619 242 onear
635 189 829 241 unnrcmaa

131 348 218 426 bitur,
237 365 295 429 qno
318 349 432 410 facilius
456 349 604 409 claudatur
619 365 670 424 en,
693 347 741 418 rel
759 353 839 407 certe
855 350 1096 420 coargueretur,
1114 342 1138 399 ia

131 449 215 492 anum
231 449 347 512 quoque
365 433 457 494 danda
473 432 608 514 plumbea
629 431 723 491 betula
737 438 799 505 est,
830 427 1025 506 extentisque
1052 425 1138 485 eruri-

131 515 185 576 tur
201 516 306 577 demina
323 516 430 596 talique
445 519 520 577 inter
536 535 570 578 ee
587 515 733 593 deligandi
749 522 825 592 aunt,
842 513 958 588 donec,
981 508 1083 588 qualis
1099 509 1136 568 iu·

130 607 193 659 tura
209 607 269 677 eet,
293 602 412 662 cicatrix
426 603 473 661 rit.

410 835 595 900 OAPUT
626 835 833 897 XXVIII.

140 951 177 1002 De
195 952 345 1003 naturalium
361 951 512 1002 feminarum
531 951 689 1001 concubitum
705 963 755 1000 non
769 947 956 1000 admittentium
971 945 1117 995 curatione.

194 1100 232 1161 Et
247 1101 305 1161 boc
316 1099 434 1180 quidem
451 1118 600 1161 commune
614 1117 681 1161 eree
698 1099 822 1160 maribus
838 1105 867 1158 et
884 1097 1003 1158 leminis
1023 1102 1132 1172 potest.

131 1183 252 1261 Proprie
280 1200 351 1243 vero
370 1183 510 1262 quaedam
526 1184 562 1245 ad
578 1186 701 1246 deminae
717 1185 875 1262 pertinent:
909 1189 939 1240 ut
965 1183 993 1239 in
1019 1179 1132 1256 primia,

131 1266 207 1344 quod
225 1283 322 1326 earum
342 1267 481 1328 naturalia
501 1284 727 1346 nonnumquam,
750 1267 825 1326 inter
839 1283 873 1324 ee
888 1264 1045 1342 glutinatis
1064 1262 1131 1337 orie,

131 1346 313 1410 concubitum
334 1367 392 1410 non
414 1351 563 1412 admittunt
586 1352 634 1430 (P.
656 1350 731 1428 Aeg.
752 1349 804 1425 Vl,
826 1349 893 1428 72).
925 1347 1022 1424 quue
1047 1346 1131 1404 inter·

130 1430 196 1492 duna
211 1435 308 1493 evenit
324 1436 453 1512 protinus
470 1438 499 1494 in
516 1443 598 1495 utero
615 1437 729 1496 matria:
744 1431 884 1493 interdum
906 1429 1130 1491 exulceratione

78 1530 82 1536 ’
130 1516 160 1575 in
176 1515 221 1576 laia
238 1517 366 1596 partitur
381 1518 467 1594 lacta,
488 1526 519 1577 et
538 1535 592 1597 per
612 1517 713 1578 malam
739 1518 915 1577 curationem
938 1513 987 1573 his
1002 1513 1069 1572 oria
1087 1529 1129 1572 aa·

130 1599 280 1660 noscendo
292 1601 409 1676 junctis.
444 1602 476 1660 Si
490 1619 528 1661 ex
544 1610 626 1662 atero
641 1609 702 1677 eet,
718 1599 880 1661 membrana
896 1598 940 1658 ori
956 1595 1129 1673 vulvaeop·

131 1685 225 1760 posita
252 1693 311 1744 eet:
335 1687 359 1744 ei
379 1701 417 1744 ex
442 1685 561 1761 ulcere,
587 1701 657 1745 caro
684 1685 712 1745 id
738 1684 844 1763 replet.
879 1681 1007 1761 Oportet
1033 1688 1127 1738 numm

128 1765 320 1826 membranam
335 1767 444 1828 duabus
459 1769 542 1829 lineis
555 1771 630 1828 inter
644 1785 677 1830 ee
697 1767 870 1828 transversis
885 1764 1016 1825 incidere
1040 1763 1079 1822 ad
1093 1761 1126 1820 ei·

129 1847 314 1906 militudinem
340 1850 453 1912 litterae
479 1851 518 1928 X,
547 1867 649 1928 magna
665 1869 733 1912 eura
749 1850 862 1928 habita,
887 1867 925 1908 ne
947 1848 1056 1906 urinae
1073 1836 1150 1905 iter¹⁵

129 1928 269 1990 violetur:
292 1931 396 1994 deinde
417 1936 543 2013 undique
572 1953 635 1994 eam
656 1933 847 1995 membranam
863 1931 1014 1992 excidere.
1046 1927 1123 1990 Atei

130 2025 198 2073 caro
227 2014 362 2093 increvit,
389 2021 585 2078 neceesarium
601 2027 647 2078 eet
661 2027 742 2079 recta
760 2019 836 2080 linea
853 2016 1045 2096 patefaceret
1071 2022 1123 2072 tum

129 2094 165 2155 ab
184 2113 235 2158 ora
249 2099 298 2158 vel
314 2100 450 2178 vulsella,
465 2102 513 2161 rel
528 2100 613 2161 hamo
627 2102 820 2181 apprehensa,
836 2109 979 2178 tamquam
996 2095 1122 2156 habenu-

129 2178 186 2240 lam
204 2182 355 2253 excidere:
383 2193 412 2245 et
435 2187 509 2245 intua
522 2183 688 2263 implicitum
712 2187 739 2245 in
760 2183 968 2261 longitudinem
985 2180 1121 2240 linamen-

128 2272 204 2335 tnm;
228 2257 412 2346 iqpvffittov
428 2267 531 2329 Graeci
549 2277 670 2339 vocant;
685 2269 715 2328 in
732 2277 816 2328 aceto
829 2267 945 2328 tinctum
959 2263 1147 2346 demittere,²⁰

129 2365 275 2426 supraque
297 2351 441 2411 euecidam
461 2350 554 2412 lanam
575 2359 660 2413 aceto
680 2351 841 2412 madentem
861 2350 1010 2427 deligare:
1039 2348 1123 2407 tertio

128 2428 319 2509 dicacitate,
353 2439 384 2492 et
405 2429 505 2504 ulcus,
526 2432 599 2492 siout
614 2430 669 2491 alia
682 2429 795 2508 ulcera,
818 2447 928 2491 curare.
970 2429 1123 2508 Quumque

103 2514 185 2596 ¹jam
206 2513 242 2574 ad
266 2518 414 2576 sanitatem
434 2518 551 2594 tendet,
577 2517 738 2596 plumbeam
761 2518 884 2578 fistulam
908 2513 1122 2576 medicamento

129 2594 293 2655 cicatricem
318 2599 470 2660 inducente
490 2601 624 2678 illinere,
654 2617 775 2682 eamque
801 2603 875 2661 intus
901 2601 989 2661 dare:
1022 2615 1120 2676 eupra-

1138 1417 1156 1457 li

125 2678 526 2841 miecpleipmedioamentum
541 2686 674 2765 injicere,
692 2687 785 2780 donec
800 2685 836 2746 nd
855 2684 1022 2746 cicatricem
1036 2679 1146 2760 pingat

432 3006 617 3071 CAPUT
652 3006 808 3070 XXIX.

259 3129 314 3190 Qun
329 3131 426 3196 ratione
445 3139 532 3198 partun
548 3136 675 3179 emortuus
691 3144 724 3178 ex
744 3137 815 3178 utero
835 3129 985 3178 excutiatur·

179 3280 185 3289 '
210 3271 268 3337 ilbi
290 3282 424 3358 concepit
440 3287 534 3340 autem
556 3254 660 3358 aliqua,
677 3280 701 3338 si
718 3278 779 3355 jam
796 3284 890 3358 prope
909 3285 1037 3340 maturus
1053 3297 1112 3358 par·

126 3365 172 3420 tue
187 3357 261 3422 intur
280 3371 424 3422 emortuus
439 3371 494 3440 est,
509 3381 603 3442 neque
620 3363 757 3423 excidere
781 3379 835 3440 per
855 3379 889 3422 se
908 3371 1017 3440 potest,
1039 3363 1149 3424 addi-³⁰⁰

126 3442 219 3506 benda
241 3445 349 3508 curatio
373 3453 433 3508 eet:
458 3461 532 3524 qnae
555 3449 696 3508 numerari
720 3448 796 3508 inter
810 3445 996 3509 difficillimae
1020 3453 1112 3525 poteet
