2372 3892
138 165 200 230 ato
429 176 463 224 n.
481 174 513 224 o.
530 171 629 224 oanan
645 169 839 222 unmonmn

201 331 230 392 2.
250 330 330 392 idaeo
348 331 507 392 eommunis
521 337 595 388 sant.
619 329 740 408 Propria
755 327 897 406 quaedam
911 329 941 388 in
957 327 1089 404 singuiis
1101 337 1141 388 te·

137 417 230 478 lorum
250 415 415 492 generibus
432 422 512 491 sunt,
530 429 606 492 quae
628 414 757 492 protinus
778 412 938 490 subjiciam.
982 412 1068 471 tttntt
1086 420 1141 471 mu

137 501 224 561 iaoiie
240 501 269 559 in
286 515 395 578 eorpus
412 507 495 577 quam
516 498 622 574 sagitta
644 497 791 572 tonditur,
814 496 978 574 eademque
1001 496 1141 556 altissime

137 585 243 646 insidit.
281 583 362 643 idaeo
379 592 473 644 autem
490 582 642 656 eveniunt,
660 589 690 640 et
704 582 890 660 quiauagna
906 583 933 640 vi
957 580 1060 640 iertur
1086 581 1140 656 iiia,

137 678 166 730 et
182 669 325 747 quiaipsa
340 669 507 744 inaugurato
527 674 582 724 est.
619 666 743 743 Saepius
763 666 861 742 itaque
875 665 912 726 ah
928 664 1027 724 altera
1048 673 1154 744 partas

138 771 221 831 quam
235 769 273 812 ex
288 769 342 829 qua
359 751 452 826 venit,
471 748 637 826 reeipienda
657 757 715 816 est;
732 751 968 828 praecipueque,
988 750 1061 826 quia
1083 749 1151 820 iere,

140 840 259 921 spiculis
268 837 407 913 ningitum
421 849 495 910 qnae
503 834 595 909 magis
603 831 720 908 laniant,
732 834 756 891 si
768 842 928 909 retrorsus,
940 849 1029 910 quam
1039 833 1068 891 si
1076 847 1137 890 ooa-

140 926 338 985 traexirnatur.
353 915 484 978 Sedinde
492 925 593 993 aperta
603 917 660 992 vin,
672 915 841 978 oarodidnoi
853 917 944 977 debet
953 918 1136 978 immuto

139 1008 217 1067 fanto
231 1007 267 1066 ad
285 1005 493 1064 similitudinem
510 1020 637 1079 graecae
653 1002 765 1062 litterae
782 1003 855 1081 (Y):
880 1000 1008 1078 deinde,
1026 1001 1081 1060 ubi
1096 1019 1137 1080 ap

140 1092 234 1168 paruit
247 1105 363 1164 mucro,
378 1088 402 1148 si
418 1087 527 1147 arundo
544 1087 689 1162 inhaeret,
706 1085 897 1164 propellenda
909 1094 973 1160 est,
993 1085 1094 1145 donee
1108 1083 1158 1146 ahts

139 1171 230 1232 altera
246 1179 328 1250 parte
344 1171 523 1249 apprehendi
538 1179 567 1230 et
583 1169 695 1230 extrahi
712 1171 820 1249 possit:
842 1169 868 1228 si
878 1171 939 1244 janu
954 1169 1008 1229 iila
1024 1167 1137 1244 desidit,

140 1256 290 1333 solumque
305 1257 379 1314 intus
395 1255 502 1314 ferrum
518 1262 578 1330 est,
591 1270 689 1314 moero
705 1254 753 1313 vel
769 1253 865 1330 digitis
882 1253 1084 1332 apprehendi,
1098 1251 1137 1312 rei

138 1341 270 1417 ioroipe,
286 1346 372 1417 atque
388 1339 425 1398 ita
441 1338 525 1398 eduoi
542 1337 640 1397 debet.
677 1335 781 1416 Neque
803 1336 859 1397 alia
876 1338 950 1396 ratio
966 1336 1137 1397 extrahendi

139 1431 199 1499 est,
215 1422 263 1482 ubi
278 1422 314 1482 ab
330 1441 364 1482 ea
380 1431 481 1502 parte,
504 1439 559 1500 qua
577 1423 672 1497 venit,
691 1421 778 1481 evelli
793 1421 884 1496 magis
903 1420 1026 1499 piaooit.
1063 1421 1136 1496 nas,

139 1507 274 1586 ampliato
289 1507 426 1581 vulnere,
443 1515 491 1566 aut
507 1506 632 1581 arundo,
648 1508 672 1564 si
686 1506 776 1582 inest,
789 1503 944 1564 evellenda
955 1514 1021 1575 est;
1038 1513 1105 1582 aut,
1116 1506 1156 1568 sin

138 1609 173 1651 ea
197 1607 254 1650 non
278 1592 369 1667 inest,
392 1590 499 1649 ferrum
518 1591 621 1669 ipsum.
658 1589 742 1664 Quod
764 1591 788 1649 si
804 1588 915 1668 spinula
931 1597 1135 1667 apparuerunt,

139 1691 233 1752 eaque
256 1674 355 1734 brevia
377 1683 406 1733 et
428 1676 524 1732 tenuia
548 1681 631 1751 sunt,
649 1673 763 1752 ioroipe
785 1671 824 1731 ibi
847 1673 1003 1732 comminui
1024 1673 1135 1748 debant,

139 1775 317 1836 saeuamque
338 1758 373 1818 ab
394 1758 438 1817 his
456 1757 544 1816 telum
562 1757 661 1818 oduei:
685 1759 709 1817 si
730 1775 764 1816 ea
787 1757 897 1832 majora
913 1757 1135 1836 valentioraque

139 1849 219 1918 stunt,
237 1842 314 1901 fissis
329 1841 492 1920 scriptoriis
516 1841 633 1901 calamis
649 1840 848 1918 contegenda,
868 1859 919 1916 ao,
946 1857 985 1899 ne
1010 1841 1082 1920 quid
1101 1841 1133 1900 in·

133 1933 256 2002 nerent,
273 1927 316 1984 sio
328 1925 479 1986 evellenda
495 1925 559 1984 sunt
571 1925 617 2002 (P.
630 1924 706 2002 Aeg.
720 1924 771 2002 vt,
782 1925 833 2004 88,
848 1945 877 2005 p.
889 1926 952 1987 354
965 1925 1016 1986 ed.
1030 1925 1156 2004 Briau).a

138 2008 175 2068 Et
192 2009 219 2068 in
235 2009 349 2086 sagittis
365 2009 478 2087 quidem
495 2007 568 2068 haee
582 2008 749 2069 observatio
768 2018 822 2068 est.

201 2093 230 2154 3.
250 2093 347 2153 hatum
367 2111 438 2153 vero
462 2093 565 2170 telum,
591 2095 615 2152 si
636 2092 780 2152 eonditum
801 2102 862 2168 est,
882 2092 919 2152 ab
940 2093 1040 2153 altera
1060 2100 1133 2171 parte

139 2177 221 2236 eduoi
243 2193 301 2237 nou
325 2177 460 2256 expedit;
483 2194 520 2236 ne
542 2178 650 2253 ingenti
675 2177 787 2236 vulneri
808 2178 865 2256 ipsi
887 2193 1009 2254 quoqne
1038 2179 1134 2254 iugem

137 2261 240 2322 vulnus
256 2263 433 2338 adjiciamus.
455 2260 645 2320 Evellendum
662 2269 708 2320 est
722 2277 796 2338 ergo
811 2277 922 2338 genero
941 2260 1073 2338 quodam
1084 2261 1133 2321 ier·

138 2347 275 2423 ramenti,
298 2345 375 2424 quod
395 2344 576 2406 Διοκλεῑον
594 2343 785 2405 κυαθίσκον
799 2343 902 2404 Graeci
920 2355 1049 2414 ronaut;
1071 2361 1153 2423 quos

137 2431 211 2488 niam
228 2429 375 2490 auctorem
387 2429 520 2489 Dioolem
535 2427 638 2489 habet:
656 2445 740 2507 quem
756 2431 830 2487 inter
847 2429 1132 2511 prisoosgmaximos·

138 2529 194 2589 que
209 2513 338 2572 medicos
354 2513 445 2572 fuisse
456 2515 515 2588 jam
523 2515 606 2589 posui
614 2512 653 2592 (1,
661 2513 822 2590 prooem).
838 2512 952 2571 Lamina
964 2512 1015 2573 vel
1029 2513 1131 2586 ferrea,

138 2595 186 2653 vei
209 2598 293 2655 etiam
314 2613 423 2674 aenea,
448 2597 483 2656 ab
505 2597 596 2657 altero
621 2597 717 2675 eapite
737 2597 810 2656 duos
835 2598 979 2674 utrimque
1000 2596 1131 2657 deorsum

139 2691 300 2739 conversos
321 2697 412 2738 unoos
434 2679 535 2748 habet:
556 2681 592 2740 ab
614 2682 707 2741 altero
723 2679 868 2757 duplioata
889 2680 1051 2758 lateribus,
1070 2682 1131 2742 ieri·

136 2773 239 2842 terque
259 2773 388 2824 extrema
410 2765 438 2822 in
465 2781 527 2822 eam
548 2774 657 2843 partem
679 2765 828 2841 inclinata,
852 2767 1153 2842 quaestuosum„

137 2851 256 2927 iusuper
270 2849 309 2908 ibi
324 2848 408 2907 etium
424 2847 572 2926 perforata
590 2857 644 2908 est.
672 2847 752 2908 Haeo
764 2851 846 2923 juxta
862 2847 950 2908 telum
966 2858 1129 2910 transversa

137 2931 307 2994 demittitur:
325 2931 446 3009 deinde,
463 2931 511 2991 uhi
528 2931 662 2992 adimam
679 2948 843 2994 mucronem
858 2940 973 2991 ventum
990 2943 1055 3010 est,
1071 2949 1128 3012 pau·
1181 2951 1183 3022 p

137 3015 194 3075 lum
208 3026 376 3096 torquetur,
391 3026 423 3076 ut
436 3017 523 3076 teiam
537 3016 677 3075 foramine
693 3033 745 3076 suo
758 3016 899 3096 excipiat:
915 3031 1002 3094 quum
1017 3019 1047 3076 in
1065 3032 1127 3076 cavo

137 3113 236 3158 moero
252 3112 312 3178 est,
331 3101 387 3160 duo
405 3101 503 3177 digiti,
521 3098 644 3174 subjecti
660 3101 751 3178 partis
765 3100 883 3159 alterins
894 3101 988 3178 aneis,
1007 3102 1128 3161 simulet

137 3179 337 3242 ferramentum
350 3185 381 3243 id
398 3185 550 3252 extrahunt
565 3192 594 3242 et
614 3184 711 3243 telum.
1132 3207 1150 3248 n

197 3265 227 3324 t.
252 3263 378 3326 Tertium
395 3285 487 3342 genus
504 3268 627 3328 telorum
646 3277 705 3344 est,
731 3268 807 3348 quod
823 3269 963 3329 interdum
981 3269 1071 3328 evelli
1085 3269 1125 3328 de·

137 3348 201 3426 bet,
216 3347 350 3427 plumbea
365 3350 463 3427 glans,
479 3361 526 3412 aut
543 3352 634 3432 lapis,
652 3362 698 3412 aut
709 3354 802 3414 simile
816 3353 939 3432 aliquid,
956 3353 1051 3430 quod,
1067 3369 1123 3430 per·

136 3437 220 3512 r‘upta
248 3441 332 3510 oute,
358 3435 498 3510 integrum
524 3436 598 3498 intus
625 3437 738 3498 insedit.
775 3438 807 3497 ln
828 3438 960 3498 omnibus
982 3437 1026 3496 his
1049 3437 1121 3496 iatius
