2392 3906
80 289 83 299 Ι
133 201 195 274 132
425 217 832 268 s.o.ouus1uuoucrnss

132 395 183 437 ore
207 375 317 454 recipi:
340 391 393 453 per
414 391 489 453 quae
508 373 660 433 molliores
682 372 730 432 alii
752 381 850 451 partes
873 389 924 433 eas
939 373 1004 433 lieri
1018 372 1143 447 dicuat*

91 499 94 508 Α
132 460 415 539 opportunioresque
438 459 508 516 vitio
530 459 589 532 J'am
612 457 750 515 haerenti.
796 456 871 533 Sed,
900 457 924 516 ni
947 457 1022 516 bene
1044 458 1127 515 vitari

74 535 79 546 ’
131 545 222 620 frigus
243 550 357 620 potest,
380 549 438 602 tuta
463 540 512 600 illa
535 539 693 620 praesidia;
713 541 737 598 si
759 547 851 598 metue
872 542 935 615 ejus
958 549 1004 600 est
1024 557 1128 618 super·

132 645 224 686 vacua
240 635 312 684 sunt.
331 625 436 702 Utique
451 634 544 682 autem
560 623 721 702 perfricare
738 622 838 682 lauces
854 625 1052 701 periculosum
1068 631 1128 682 est:

132 711 281 768 exulcerat
300 710 383 768 enim.
420 707 522 785 Neque
542 707 621 766 utilia
643 715 722 783 sunt,
748 724 822 785 quae
845 710 943 766 urinae
964 704 1151 766 movendaes

132 803 210 863 sunt;
231 794 296 870 qula
317 800 453 871 possunt,
476 791 541 850 dum
556 798 719 864 transeunt,
745 789 784 849 ibi
800 807 916 869 quoque
932 792 1063 869 pituitam
1080 807 1129 848 ex-

131 885 267 951 tenuare,
290 893 373 954 quam
394 875 531 952 supprimi
552 874 654 934 melius
676 881 730 932 est.
766 872 959 952 Asclepiades
976 873 1130 933 multaru-

82 965 86 974 '
131 978 242 1033 rerum,
263 973 337 1036 ¹quas
355 960 411 1036 ipsi
426 974 541 1034 quoque
557 959 670 1035 sequuti
687 974 799 1035 sumus,
815 967 919 1017 auctor
933 957 1044 1033 honus,
1062 974 1130 1016 ace·

130 1053 188 1102 tum
205 1045 243 1101 ait
259 1060 341 1118 quam
357 1042 525 1101 acerrimum
541 1059 608 1100 esse
624 1040 815 1100 sorbendum:
833 1041 890 1102 hoc
905 1041 979 1100 enim
994 1043 1059 1100 sine
1071 1039 1130 1099 ulla

131 1143 207 1185 noxa
225 1126 373 1203 comprimi
389 1123 578 1184 ulcera’Sed
592 1124 621 1183 id
636 1127 818 1202 supprimere
834 1126 1003 1201 sanguinem
1015 1133 1129 1204 potest,
1140 1140 1161 1180 m

131 1210 231 1280 ulcera
254 1211 318 1285 ipsa
339 1225 442 1266 sanare
465 1224 522 1266 uon
547 1217 653 1286 potest.
689 1207 791 1268 illelius
806 1208 872 1268 huic
886 1211 928 1268 rei
944 1209 1053 1283 lycium
1071 1215 1130 1272 est;

132 1291 209 1370 quod
232 1291 306 1350 idem
327 1307 443 1369 quoque
466 1309 559 1370 aeque
581 1291 699 1370 probat:
726 1291 775 1350 vel
798 1294 894 1370 porri,
922 1292 971 1350 vel
992 1290 1132 1351 marmultii

132 1391 253 1450 succus,
271 1375 319 1433 uel
335 1391 424 1432 nuces
440 1392 566 1449 graecae
581 1393 645 1434 curn
659 1375 847 1452 tragacantho
865 1377 1006 1435 contritae
1021 1383 1132 1434 etcum

132 1476 220 1538 passo
243 1460 365 1533 mixtae,
394 1458 441 1516 vel
463 1457 512 1520 lini
533 1477 631 1518 semen
653 1459 805 1519 contritum
827 1469 856 1519 et
877 1477 940 1519 eum
961 1459 1036 1518 dulei
1063 1459 1131 1517 vino

130 1544 255 1602 mixtum.
288 1543 466 1602 Exercitatio
491 1559 607 1620 quoque
628 1542 800 1602 ambulandi
812 1543 1004 1620 currendique
1022 1553 1129 1601 neces·
1140 1560 1161 1599 ιι

132 1628 207 1686 saria
230 1636 289 1684 est:
310 1627 406 1684 iriotio
430 1643 445 1685 a
461 1635 583 1703 pectore
603 1627 762 1685 vehemens
777 1628 829 1686 toti
845 1627 975 1686 inferiori
988 1627 1065 1703 parti
1081 1621 1130 1684 ad·

132 1707 266 1768 hibenda.
300 1707 363 1768 cibi
379 1725 451 1767 vero
468 1727 535 1768 esse
552 1709 770 1787 debentneque
786 1713 899 1770 nimium
915 1727 1014 1787 aeres,
1030 1725 1130 1786 neque

132 1794 229 1868 asperi
237 1814 244 1860 ;
265 1792 337 1864 mel,
361 1791 514 1868 lenticula,
538 1803 664 1870 tragum,
689 1795 751 1870 lae,
766 1796 895 1871 ptisana,
914 1795 1030 1872 pinguis
1046 1809 1129 1868 caro,

132 1877 349 1952 praecipueque
375 1890 506 1951 porrum,
538 1884 566 1934 et
592 1876 728 1955 quidquid
756 1894 819 1936 eum
844 1878 901 1938 hoo
927 1880 1044 1936 mixtum
1075 1885 1129 1936 est.

132 1958 260 2016 Potionis
275 1976 358 2036 quam
375 1959 517 2017 minimum
534 1977 599 2019 esse
616 1963 760 2020 convenit.
793 1961 876 2040 Aqua
892 1961 953 2022 dari
968 1969 1067 2039 potest
1081 1958 1161 2019 vela

65 2083 67 2088 -
133 2057 220 2118 pura,
237 2042 284 2112 uel
303 2044 330 2102 in
346 2059 401 2119 qua
417 2043 520 2102 malum
533 2053 695 2121 cotoneum,
712 2046 894 2123 palmulaeve
907 2047 1048 2105 decoctae
1063 2047 1128 2103 sint.

132 2125 383 2200 Gargarizationes
400 2143 515 2204 quoque
532 2127 631 2187 lenes:
651 2131 695 2187 sin
710 2128 764 2188 hae
781 2147 880 2206 parum
894 2130 1067 2207 proliciunt,
1085 2145 1129 2187 re

133 2210 291 2286 primentes
316 2210 402 2269 utiles
425 2221 498 2270 sunt.
544 2210 607 2270 lloc
632 2230 726 2287 genus
752 2229 848 2290 neque
874 2222 987 2272 acutum
1009 2220 1071 2288 est,
1103 2219 1131 2268 et

132 2302 228 2369 potest
254 2312 321 2353 esse
347 2311 402 2353 non
430 2294 563 2370 longum,
594 2298 770 2354 curationem
796 2305 891 2357 tamen
911 2307 1066 2372 maturam,
1094 2313 1130 2354 ne

132 2377 318 2456 vehementer
334 2386 363 2437 et
381 2377 428 2437 diu
443 2378 554 2456 laedat,
571 2377 725 2439 desiderat.
1138 2399 1159 2438 a

440 2613 607 2677 cucur
637 2617 669 2674 x
694 2614 817 2695 [uult.

567 2731 603 2783 De
621 2735 694 2782 tussi.

194 2879 294 2940 Tussis
309 2898 380 2940 vero
395 2882 458 2942 lere
476 2893 597 2961 propter
610 2885 733 2945 faucium
747 2884 993 2946 exulcerationem
1004 2886 1129 2946 molesta

133 2973 191 3031 est;
216 2984 290 3042 quae
305 2966 402 3027 multis
417 2966 509 3026 modis
525 2970 711 3028 contrahitur.
732 2968 833 3047 ltaque
845 2969 903 3030 illis
914 2972 1054 3030 restitutis
1066 2971 1129 3048 ipsa

132 3048 234 3105 finitur.
272 3051 355 3109 Solet
376 3061 470 3111 tamen
493 3051 634 3111 interdum
659 3071 761 3131 perse
778 3057 895 3130 quoque
911 3053 985 3112 male
1001 3054 1161 3122 haberem

121 3139 160 3185 «ει
180 3131 245 3205 vix,
270 3151 353 3209 quum
375 3143 458 3194 vetus
477 3135 553 3195 iacta
570 3145 630 3210 est,
656 3135 778 3196 eliditur.
813 3135 858 3195 Ac
873 3137 959 3197 modo
976 3137 1055 3198 arida
1072 3147 1128 3212 est,

131 3213 217 3272 modo
240 3215 366 3291 pituitam
390 3219 466 3278 citat.
506 3217 629 3296 Oportet
654 3219 813 3298 hyssopum
834 3221 927 3297 altero
948 3239 1066 3300 quoque
1083 3221 1129 3280 die

131 3295 248 3363 bibere;
269 3300 368 3374 spiritu
391 3309 503 3360 retento
526 3320 660 3378 currere,
683 3303 868 3384 sed'minime
891 3306 919 3363 in
935 3303 1072 3383 pulvere;
1095 3323 1130 3364 ac

133 3380 258 3439 lectione
285 3384 321 3440 uti
346 3382 524 3462 vehementi,
550 3403 624 3462 quae
646 3387 737 3464 primo
754 3387 935 3464 impeditura
952 3389 1037 3466 tussi,
1062 3398 1130 3468 post

132 3482 194 3523 eam
216 3465 317 3523 uincit:
343 3474 400 3523 tum
422 3466 582 3528 ambulare:
605 3469 709 3529 deinde
726 3487 780 3548 per
797 3489 895 3530 manus
911 3487 1027 3552 quoque
1045 3491 1160 3536 exer-as
