2372 3892
23 207 26 214 ·
147 187 208 250 rut
434 197 467 244 a.
483 195 513 244 c.
529 196 627 244 crosa
641 194 834 244 minutas

147 352 285 414 natricem
301 349 469 419 inducente:
491 351 627 428 circaque
648 349 724 410 idem
747 348 986 410 medicamentum
1009 349 1138 426 dandam,

146 448 175 498 ut
190 439 262 498 cutis
278 438 357 498 circe
371 435 484 513 pinnam
500 444 646 494 sanescat:
666 450 723 512 quo
740 435 780 510 lit,
796 442 825 493 ut
840 451 874 494 ea
890 443 1023 508 remota,
1040 444 1139 512 postu

146 521 269 582 lacnltas
283 518 414 581 audiendi
428 519 475 578 sit.
505 518 545 578 At
560 518 608 578 uhi
623 536 726 592 aures,
746 519 849 577 inviro
869 526 954 594 puta,
974 518 1139 595 perforatae

146 614 227 679 sunt,
251 614 280 664 et
297 603 443 664 offendunt
461 601 515 678 (ci.
528 600 601 662 Plio.
617 601 669 678 xl,
683 602 735 677 37,
747 602 822 680 50),
840 602 981 676 trejioere
998 601 1028 662 id
1046 621 1139 664 earum

146 689 283 750 celeriter
301 686 442 749 candente
457 703 511 746 acu
526 687 597 746 satis
611 695 674 760 est,
690 693 721 744 ιιι
735 684 838 745 leviter
856 686 919 759 ejus
933 702 1009 744 orae
1025 686 1153 746 emulcet
1181 731 1182 752 ,

145 782 261 844 rentum
287 780 335 834 aut
357 771 441 830 etiem
460 770 599 830 adurente
621 768 830 830 medicamento
850 768 927 828 idem
949 769 1137 830 exulcerare:

100 899 106 916 .
146 866 250 937 postea
271 855 375 916 deinde
397 853 548 931 imponere
565 853 593 914 id
607 853 684 931 quod
699 861 818 931 pergen
837 860 894 912 tum
918 853 1000 931 quod
1018 872 1087 914 eum
1103 854 1138 913 lo

146 959 210 1002 cnm
223 939 353 1018 repleat,
376 937 463 998 etsie
484 936 648 998 cicatricem
663 935 788 998 inducat.
821 935 905 1010 Quod
922 937 947 994 si
962 936 1138 1012 magnentii

145 1025 277 1085 foramen
291 1031 351 1099 est,
371 1021 444 1080 sicut
460 1020 538 1082 solet
552 1038 621 1081 esse
636 1021 664 1080 iu
679 1022 730 1096 iis,
751 1021 800 1097 qui
818 1021 929 1095 majora
946 1020 1087 1097 pondera
1100 1040 1138 1082 au-

144 1107 226 1167 ribus
240 1112 407 1182 gesserunt,
428 1104 556 1164 incidere
572 1103 651 1181 quod
668 1112 803 1182 superest
823 1104 859 1163 ad
875 1113 1042 1164 extremum
1059 1122 1158 1184 opor-n

145 1198 200 1250 tet:
224 1207 311 1267 supro
326 1187 429 1248 deinde
445 1205 513 1248 cras
528 1187 671 1267 scalpello
682 1186 865 1264 exulcerare,
879 1197 908 1246 et
924 1197 1035 1266 postea
1051 1207 1138 1264 suere,

145 1289 180 1333 ac
194 1270 442 1348 medicamentum,
457 1288 513 1349 quo
530 1271 558 1332 id
571 1272 738 1348 glutinetur,
754 1273 914 1350 imponere.
939 1271 1076 1334 Tertium
1092 1282 1138 1344 eat,

144 1360 168 1417 si
185 1358 254 1436 quid
268 1358 308 1418 ihi
323 1359 396 1419 curti
410 1367 468 1434 est,
484 1359 610 1420 sarcire·
626 1375 701 1435 qnae
715 1375 765 1418 res
777 1374 863 1435 quum
877 1357 906 1415 in
917 1355 1014 1416 labris
1027 1374 1138 1435 quoqne

144 1450 174 1502 st
189 1442 305 1502 naribus
316 1442 379 1503 lieri
396 1443 502 1520 possit,
518 1440 705 1518 eamdemque
717 1442 804 1501 etiem
819 1441 964 1501 rationem
991 1441 1138 1519 (maced

142 1527 328 1603 rodcosmi)
344 1526 466 1605 hebeat,
478 1525 561 1586 simul
576 1524 747 1604 explicanda
761 1531 815 1585 est.
901 1567 908 1577 .
1144 1535 1157 1574 t

414 1839 419 1850 ,
492 1762 677 1824 capua
711 1757 782 1826 rx.

210 1879 285 1928 Curta
304 1881 330 1929 in
345 1881 463 1943 auribus,
483 1881 623 1946 labrisque,
642 1897 672 1931 ec
687 1884 805 1943 neribus,
825 1883 952 1947 quomodo
972 1885 1076 1944 sarciri,

146 1960 149 1968 ’
515 1975 539 2017 et
557 1968 640 2016 cureri
655 1969 762 2034 possint.

209 2114 294 2178 Curta
309 2117 396 2194 igitur
412 2119 440 2178 in
457 2117 501 2178 luis
516 2118 618 2194 tribus,
635 2119 658 2178 si
676 2135 732 2197 qua
754 2136 844 2197 parva
859 2122 1058 2194 sunt,‘curari
1075 2137 1133 2200 pos·

142 2207 222 2259 suut:
246 2202 270 2260 si
286 2217 341 2278 qua
359 2203 468 2276 maiora
484 2210 565 2277 sunt,
590 2211 636 2262 eut
650 2220 707 2263 non
725 2206 868 2281 recipiunt
883 2207 1080 2282 curationem,
1095 2214 1155 2265 autu

140 2283 179 2343 ita
198 2301 251 2362 per
266 2284 340 2344 hanc
354 2287 447 2363 ipsam
467 2285 672 2362 deformantur,
686 2293 716 2345 ut
730 2287 823 2348 minus
837 2286 976 2346 indecora
992 2299 1064 2349 ente
1080 2289 1133 2348 ine·

140 2367 205 2426 rint.
240 2367 337 2447 Atque
351 2370 379 2426 in
395 2387 464 2429 aure
479 2367 593 2447 quidem
607 2379 637 2429 et
651 2369 768 2430 nuribus
780 2371 948 2431 deformitas
962 2372 1032 2433 sola
1047 2373 1135 2434 timeri

141 2459 253 2529 potest:
276 2453 305 2510 in
322 2451 410 2512 labris
425 2470 511 2530 vero,
533 2455 557 2513 si
574 2453 687 2513 nimium
704 2463 854 2514 eontracta
869 2464 949 2532 sunt,
974 2475 1046 2516 usus
1070 2474 1135 2536 quo

142 2551 198 2610 que
213 2537 380 2595 necessario
392 2538 506 2610 Jactura
525 2538 572 2613 tit,
593 2539 658 2616 quia
680 2540 771 2597 minus
788 2538 875 2598 lacile
899 2548 928 2598 et
951 2539 1038 2600 cibus
1060 2559 1134 2601 assa

141 2617 240 2691 mitur,
262 2627 290 2676 et
310 2636 406 2678 sermo
423 2621 594 2698 explicatur.
624 2621 727 2699 Neque
743 2624 818 2682 enirn
835 2631 950 2682 creetur
962 2624 1002 2682 ibi
1016 2643 1158 2704 corpuqu

141 2698 193 2759 sed
208 2717 245 2758 cx
261 2701 357 2760 vicino
375 2701 536 2764 adducitur:
568 2705 646 2783 quod
662 2707 689 2763 in
706 2704 763 2765 levi
778 2708 935 2772 mutatione
949 2716 980 2767 et
993 2708 1067 2769 nihil
1085 2708 1134 2768 eri·

142 2801 229 2864 pere,
249 2792 278 2844 et
294 2785 397 2844 fellere
419 2787 533 2846 oculum
551 2798 662 2867 potest:
686 2790 714 2848 in
736 2808 839 2867 magna
861 2807 918 2850 non
937 2800 1051 2868 potest.
1080 2791 1133 2851 Ne

140 2887 197 2948 que
215 2869 308 2929 senile
324 2879 417 2930 eutero
435 2889 558 2950 eorpus,
582 2891 677 2950 neque
691 2874 769 2952 quod
783 2874 849 2933 mali
865 2873 979 2934 habitus
1005 2885 1069 2953 est,
1089 2893 1133 2935 oe·

140 2955 239 3032 quein
255 2972 312 3033 quo
327 2955 482 3016 difficulter
497 2955 595 3016 ulcera
616 2967 785 3034 sanescunt,
803 2957 870 3018 huic
892 2958 1057 3020 medicinae
1076 2959 1132 3020 ido

139 3053 222 3096 neum
239 3049 298 3108 est;
322 3041 387 3119 quie
402 3057 541 3118 nusquam
559 3039 684 3100 celerius
701 3059 806 3102 cancer
821 3052 955 3120 occupet,
970 3054 1020 3104 eut
1034 3044 1157 3104 disticte

140 3118 194 3178 lius
209 3121 326 3182 tollitur.
358 3123 441 3186 Retio
461 3125 615 3184 curationis
631 3125 773 3198 eiusmodi
788 3135 834 3184 est
851 3126 904 3202 (ci.
925 3127 957 3186 P.
982 3126 1062 3205 Aeg.
1086 3127 1130 3203 lll,

140 3201 195 3270 26;
214 3201 322 3277 Antyll.
347 3207 375 3264 in
397 3207 511 3268 Orihes.
534 3206 610 3268 Ooll.
632 3208 710 3268 med.
726 3209 810 3285 XLV,
829 3209 902 3290 21):
933 3209 962 3270 id
976 3212 1057 3291 quod
1072 3231 1130 3272 cur·

78 3315 82 3324 ·
138 3294 197 3345 turn
211 3293 258 3344 est
271 3288 300 3344 in
315 3289 481 3364 quadratum
498 3291 649 3368 redigere;
671 3292 706 3352 ab
728 3293 913 3353 interioribus
934 3295 1000 3370 ejus
1021 3296 1129 3373 ungulis

139 3369 230 3428 lineas
244 3378 424 3430 transversus
440 3375 584 3450 incidere,
601 3392 675 3452 quae
692 3378 857 3436 citeriorem
879 3387 990 3456 partem
1009 3378 1047 3438 ab
1062 3380 1128 3438 ulte·

139 3451 217 3509 aiore
242 3467 279 3508 ex
300 3459 363 3511 tcto
385 3451 531 3523 diducant;
550 3457 654 3516 deinde
671 3476 721 3536 ea,
744 3477 818 3538 ques
839 3461 882 3520 sic
898 3462 1089 3540 resolvimus,
1103 3464 1151 3525 inu
