2384 3896
411 219 704 271 mmmm
988 205 1046 270 m

45 387 83 438 et
100 377 181 436 intus
195 377 307 435 tunicae
321 375 464 450 residant,
487 392 544 452 quo
561 376 652 434 minue
669 375 757 436 loeda
772 383 876 454 postca
890 375 981 436 lucios
996 377 1048 436 situ

45 460 195 520 utendum
218 459 321 518 deiude
341 459 389 518 vel
411 458 509 518 iisdem
532 459 661 532 collyriis
684 469 729 518 est
748 478 786 518 ex
806 459 882 518 lacte
905 469 952 520 aut
975 477 1048 528 oro;

48 544 109 603 vel
134 559 242 618 croco,
267 543 311 600 cui
333 542 427 602 album
442 543 489 601 ovi
506 544 669 602 misceatur.
706 542 745 614 At
761 545 785 601 si
800 543 939 619 induruit,
964 551 992 604 et
1008 545 1051 602 sic

48 635 209 687 emortuus
229 633 289 701 ost,
313 643 350 684 ne
372 628 468 703 inpos
486 635 663 701 verteretur,
687 635 825 703 quatenus
839 626 928 687 foede
945 627 1049 705 promi·

21 709 159 784 amabit,
184 709 372 769 excidendum
395 711 449 768 erit
468 710 527 782 sic,
548 718 578 769 ut
600 709 683 768 barno
706 727 813 770 summa
835 712 930 770 tunica
946 728 1049 788 appre·
1150 707 1153 714 ’

51 793 219 868 luendutur,
234 792 308 852 iufra
322 793 350 852 id
364 793 470 853 deinde
485 792 643 870 scalpellus
660 794 778 854 incidat:
801 802 860 854 tum
874 794 975 853 eadem
991 811 1049 852 me·

53 877 222 937 dicaruenta
248 885 329 936 erunt
357 875 554 952 conjicienda,
582 876 676 938 donec
703 879 795 938 omnis
820 877 905 936 dolor
928 871 1049 937 liniatur.

52 960 169 1040 lisdem
190 960 405 1020 medicamentis
427 962 455 1020 in
478 976 513 1019 eo
535 977 651 1039 quoque
667 961 753 1021 oculo
769 961 903 1022 utendum
918 971 979 1036 est,
1002 961 1051 1038 qui

54 1045 183 1123 primum
198 1043 339 1121 procidit,
355 1044 459 1104 deinde
473 1061 527 1121 per
541 1044 622 1121 plora
639 1045 704 1104 loca
719 1044 804 1104 fissus
819 1054 873 1104 eat.

13 1144 43 1184 ao
132 1127 178 1188 111.
199 1127 301 1187 Solent
314 1129 398 1188 etiam
412 1127 577 1187 carbunculi
590 1146 627 1188 ex
638 1128 857 1188 inflammatione
869 1129 965 1202 nasci,
981 1144 1051 1187 nen·

55 1228 213 1288 numquam
235 1213 264 1270 in
283 1213 354 1287 ipsis
377 1211 485 1284 oculis,
507 1229 715 1288 nonnumquam
736 1213 764 1270 in
786 1211 953 1291 palpebris:
973 1220 1003 1270 et
1024 1213 1052 1270 in

56 1295 110 1356 his.
130 1294 215 1372 ipsis,
239 1294 325 1354 modo
346 1294 382 1354 ab
398 1295 552 1369 interiora,
575 1295 661 1356 modo
678 1295 714 1356 ab
728 1296 877 1356 exteriore
893 1303 984 1372 parte.
1021 1294 1052 1353 ln

56 1379 121 1438 boo
137 1395 204 1438 casu
219 1379 302 1438 alvus
316 1378 447 1438 ducenda
462 1388 523 1448 cst;
540 1378 620 1438 cibus
635 1379 816 1447 minuendum
836 1378 884 1438 lae
894 1380 973 1456 potui
986 1377 1052 1438 dau·

57 1461 146 1534 dum,
165 1470 194 1521 ιι
207 1463 303 1536 acria,
319 1480 393 1540 quae
408 1463 569 1537 laeserunt,
586 1463 736 1524 leniantur.
760 1461 844 1537 Quod
862 1461 897 1522 ad
912 1461 1053 1538 cataplas-

16 1553 143 1604 1smata
161 1553 190 1604 et
210 1545 417 1606 medicamenta
444 1547 582 1624 pertinet,
601 1546 646 1613 ¹iis
667 1546 799 1606 utendum
821 1563 894 1622 quae
916 1543 1053 1604 adversus

58 1627 299 1691 inflammationes
319 1631 470 1707 proposita
488 1637 568 1688 sunt:
589 1637 676 1707 atque
699 1629 746 1689 hie
767 1647 883 1707 quoque
897 1627 973 1688 Nilei
994 1627 1072 1710 col·¹

58 1712 168 1786 lycium
189 1713 324 1788 optimum
339 1720 392 1771 est.
430 1713 460 1770 Si
474 1719 568 1771 tamen
583 1712 773 1772 carbunculus
789 1715 818 1772 in
834 1713 979 1780 exteriore
993 1710 1053 1790 pal·

53 1793 177 1873 ,pebrac
193 1796 274 1873 parte
290 1804 350 1869 est,
367 1794 402 1855 ad
419 1795 622 1873 cataplasmata
638 1797 813 1874 aptissimum
831 1805 876 1856 est
890 1796 939 1855 liui
956 1813 1055 1854 semen

59 1896 103 1938 ex
125 1877 216 1936 mulso
239 1888 366 1946 coctuma
393 1888 457 1954 aut,
479 1880 503 1938 si
523 1879 551 1938 id
571 1897 628 1939 non
650 1889 712 1957 est,
734 1881 820 1941 tritici
841 1879 931 1940 irrina
952 1879 1058 1951 eodem,

16 1985 48 2025 ro
59 1961 154 2020 modo
170 1971 263 2022 cocta.
487 1973 496 1990 ’

131 2046 179 2104 11.
198 2044 322 2106 Pusulae
338 2063 453 2124 quoque
474 2065 511 2106 ex
526 2047 745 2110 inflammatione
760 2047 898 2108 interdurn
917 2049 1055 2109 oriantur.

60 2127 151 2204 Quod
173 2129 197 2186 si
218 2130 293 2190 iuter
315 2130 394 2188 icitia
414 2133 543 2208 protinus
565 2133 678 2208 incidit,
702 2133 794 2208 magis
816 2134 899 2192 etiam
915 2130 1056 2192 servanda

60 2221 146 2286 sunt,
173 2229 247 2289 quae
262 2211 298 2274 dc
314 2215 452 2290 sanguine
469 2223 499 2274 et
514 2216 637 2292 quiete
627 2233 713 2294 supra
729 2216 882 2293 proposui:
905 2216 949 2274 sin
964 2214 1057 2274 serius

62 2313 150 2374 quarn
171 2305 201 2354 ut
222 2298 339 2377 sanguis
361 2299 430 2356 mitti
455 2300 561 2376 possit
585 2300 668 2358 aluus
689 2308 783 2358 tamen
800 2296 930 2357 ducenda
948 2305 1008 2356 est:
1032 2297 1057 2355 si

22 2397 51 2438 aa
64 2379 96 2438 id
114 2396 229 2456 quoquc
250 2380 345 2458 aliqua
365 2399 414 2440 res
448 2380 577 2460 inhibet,
605 2385 699 2462 utique
716 2383 807 2442 victus
824 2383 897 2441 ratio
914 2380 1058 2440 servanda
1099 2370 1107 2381 ’

64 2471 123 2522 est.
146 2461 363 2524 Medicamentis
379 2473 472 2524 autem
488 2465 535 2525 bic
550 2483 665 2544 quoquc
681 2465 793 2526 lenibus
809 2482 882 2544 opus
893 2475 956 2540 est,
971 2463 1056 2543 quale

62 2545 161 2620 Nilei,
179 2546 263 2623 quale
279 2545 397 2606 Cleonis
413 2557 466 2607 ιιι.

130 2630 178 2690 12.
206 2629 237 2690 ld
258 2648 389 2710 quoque,
418 2631 494 2731 quod
513 2631 688 2692 Philaletbes
711 2641 846 2708 vocatur,
871 2633 927 2693 huc
960 2641 1056 2710 aptum

64 2722 121 2774 est
164 2713 317 2789 Myrrhae,
348 2718 501 2792 papaveris
527 2716 697 2814 lacrimae,
709 2716 935 2812 singulorump.
957 2718 1054 2794 )·.1.(

24 2795 176 2876 aoplumbi
201 2797 287 2874 eloti,
314 2807 409 2858 terrae
431 2802 554 2877 samiae,
581 2818 654 2878 quae
674 2787 777 2897 ἀστήρ
801 2810 935 2876 vocatur,
960 2808 1055 2874 traga-¹

64 2879 203 2956 carthae,
228 2879 580 2961 singulorump.)·(.1v.
597 2883 678 2942 stibis
698 2884 790 2958 cocti,
812 2881 1054 2957 amyli,singulo·

62 2982 127 3025 rum
148 2982 176 3042 p.
199 2965 322 3043 )·(.v1.
348 2965 443 3043 spodii
461 2967 552 3043 eloti,
582 2985 718 3027 cerussae
741 2965 853 3039 elotae,
879 2963 1055 3040 singulorum

62 3069 96 3128 p.
111 3049 168 3126 )·(.
184 3062 258 3110 viti.
280 3066 353 3126 quae
375 3067 448 3128 aqua
463 3050 604 3128 pluviatili
619 3051 809 3129 excipiuntur.
846 3046 922 3108 Usus
941 3047 1055 3120 collyrii

64 3133 114 3194 vel
130 3149 168 3192 ex
183 3149 254 3209 ovo,
274 3131 321 3192 vel
338 3149 376 3192 cx
391 3133 468 3193 lacte
483 3143 537 3194 est.

26 3241 55 3284 aa
131 3216 179 3278 13.
207 3215 253 3276 Ex
280 3216 390 3295 pusulis
416 3217 515 3278 ulcera
536 3218 674 3277 interdum
700 3218 905 3296 finum-eaque
926 3216 1056 3278 recentia

63 3317 158 3377 acque
181 3298 295 3360 lenibus
316 3299 529 3360 medicamentis
549 3300 698 3361 nutrienda
719 3309 798 3377 sunt,
820 3310 848 3360 et
863 3301 964 3361 iisdem
980 3299 1054 3372 lere,

63 3401 139 3461 quae
162 3400 249 3460 supra
265 3383 323 3459 (V
340 3383 396 3456 28,
415 3385 512 3480 15)1n
535 3384 643 3460 pusulis
665 3385 758 3463 posui.
796 3384 841 3444 Fut
857 3403 971 3463 quoque
987 3399 1054 3460 pro

62 3469 128 3550 pria
143 3466 181 3528 ad
196 3466 281 3543 baec,
295 3467 374 3545 quod
388 3429 445 3528 dcci
460 3463 601 3547 λιβάνου
615 3478 745 3530 vocatur.
779 3467 873 3529 Habet
886 3469 962 3528 aeris
972 3482 1055 3526 coru·
