2392 3906
408 217 476 269 uro.
495 219 541 268 tv.
563 219 636 268 oar.
652 221 687 268 ιι.
782 235 783 240 1
983 209 1042 270 123

49 375 212 452 inclusum,
245 389 320 454 quae
347 383 464 436 omento
487 375 634 453 iungitur:
668 367 881 454 περιτόναιον
906 385 1000 436 aulem
1027 395 1043 437 a

50 459 172 521 Graecia
189 461 353 520 nominatur.

410 611 593 674 OAPUT
627 613 679 672 ΙΙ.

282 735 334 800 ,De
351 733 522 784 curationibus
539 734 682 783 morborum
698 733 795 799 capitis.

29 905 40 944 t
108 881 161 942 Hie
182 883 274 944 veluti
295 885 323 944 iu
348 894 533 964 conspectum
552 885 718 966 quemdam,
745 893 884 963 quatenus
900 888 975 946 coire
994 903 1042 946 cu·

48 968 119 1026 renti
142 971 342 1028 necessarium
366 979 428 1044 est,
450 969 595 1046 adductis,
618 969 744 1029 remedia
766 969 940 1046 singularum
962 969 1041 1028 labo·
1113 1026 1114 1032 ,

49 1051 169 1110 rentium
190 1053 312 1130 partium
328 1069 489 1132 exsequar,
512 1067 596 1112 orsus
614 1055 758 1131 acupile:
786 1052 839 1112 cub
855 1069 911 1132 quo
929 1055 1043 1112 nomine

11 1149 13 1168 2
49 1150 121 1193 nunc
143 1135 278 1213 signillco
299 1153 362 1196 eam
384 1145 510 1216 partem,
532 1154 606 1215 quoe
628 1137 734 1214 capillo
750 1137 870 1213 legitur:
895 1153 957 1196 nam
974 1153 1042 1196 ocu·
1083 1179 1087 1188 .

51 1217 157 1294 lorum,
183 1221 307 1296 aurium,
330 1220 454 1281 dentium
475 1220 577 1297 dolor,
602 1230 631 1280 et
653 1223 676 1280 el
692 1215 755 1298 quit
771 1221 870 1280 similia
886 1228 946 1294 eet,
972 1220 1043 1280 allas

22 1303 103 1360 uerit
118 1303 320 1381 explicandus.
343 1303 375 1364 lu
390 1307 485 1382 capite
504 1314 596 1364 autem
611 1305 752 1364 interdum
766 1313 867 1364 acutut
880 1313 908 1382 et
921 1303 1044 1381 pestifer

50 1384 166 1444 morbus
192 1395 254 1463 est,
277 1405 360 1466 quam
382 1387 569 1468 κεφαλαίαν
587 1387 690 1449 Graeci
711 1397 832 1448 vocant:
856 1390 937 1463 cujus
957 1396 1044 1446 uotae

52 1478 130 1544 suut,
147 1469 398 1552 memorialibus,
416 1488 570 1532 nervorum
589 1472 747 1546 resolutio,
767 1471 917 1532 oculorum
936 1471 1042 1546 caligo,
1078 1499 1080 1504 v

51 1555 149 1612 montis
171 1554 326 1631 alienatio,
346 1557 485 1632 vomitus,
507 1557 550 1614 sic
570 1564 599 1615 ut
614 1575 671 1616 vox
687 1557 892 1634 supprimatur:
915 1554 964 1613 vel
980 1571 1042 1613 sau·

51 1638 143 1712 guinis
171 1655 210 1697 ex
233 1638 348 1698 naribus
371 1656 488 1716 cursus,
521 1641 564 1699 aio
587 1649 616 1698 ut
638 1655 744 1718 corpus
765 1639 920 1716 lrigeecat‚
952 1638 1043 1697 anima

25 1719 181 1780 rtdeliciat:
214 1732 335 1801 practer
354 1723 445 1800 haec,
477 1723 562 1784 dolor
582 1721 788 1798 intolerabilia,
822 1723 944 1782 maxime
965 1722 1044 1781 circa

53 1812 199 1883 tempora,
220 1806 270 1866 ‘tei
292 1807 466 1885 occipitium.
505 1808 647 1868 Interdum
671 1816 764 1868 autem
785 1808 813 1866 in
836 1808 931 1885 capite
957 1805 1044 1881 longa
1130 1879 1132 1886 Ι

54 1885 250 1966 imbecillitas,
267 1891 320 1950 sed
335 1905 430 1969 neque
442 1893 556 1968 gravis,
573 1908 667 1970 neque
680 1890 845 1970 periculosa
857 1905 911 1968 per
924 1889 1045 1948 hominis

54 1981 174 2032 aetatem
198 1979 259 2033 eet:
292 1974 434 2035 interdum
458 1976 576 2052 gravior
602 1976 701 2050 dolor,
735 1974 786 2034 sed
806 1974 920 2048 brevis,
950 1989 1044 2051 neque
1155 2034 1171 2052 ‚

54 2065 143 2115 tameo
165 2057 347 2128 mortiferum
370 2060 418 2138 qui
439 2059 487 2118 vel
511 2058 592 2137 virio,
612 2059 660 2119 vel
682 2058 838 2134 cruditate,
858 2058 907 2117 vel
923 2056 1043 2132 frigore,

26 2139 99 2198 uvel
120 2141 206 2216 igne,
222 2151 277 2201 aut
297 2142 362 2202 sole
378 2141 563 2202 contrahitur.
601 2141 693 2220 Hique
709 2157 810 2200 omnes
824 2141 944 2200 dolores
958 2139 1044 2198 modo

56 2239 114 2281 cum
129 2223 231 2302 lehre,
250 2226 336 2286 modo
354 2229 418 2285 siue
434 2227 488 2286 hac
504 2235 582 2293 euut3
605 2225 690 2284 motio
707 2227 734 2284 lu
750 2235 810 2285 toto
827 2226 940 2302 capite,
959 2222 1044 2281 murlo

57 2307 200 2384 incerte:
229 2309 367 2368 interdum
393 2312 453 2384 sic,
485 2319 514 2369 ut
540 2310 599 2368 oris
620 2321 737 2387 quoquc
758 2310 915 2386 proximam
934 2315 1045 2384 partem

58 2393 232 2453 excrucient.
272 2393 393 2454 Praeter
415 2393 489 2454 haec
510 2395 660 2454 etiamnum
676 2387 817 2452 iuvenitui
834 2407 942 2468 genus,
968 2390 1045 2468 quod

60 2483 150 2550 potest
173 2475 291 2552 longum
312 2493 395 2547 eese;
429 2478 477 2537 ubi
499 2477 601 2538 humor
623 2486 717 2537 cutem
736 2477 830 2550 inllat,
858 2489 951 2552 eaque
974 2476 1045 2532 iutu-

33 2559 177 2634 utoescit,
211 2569 241 2620 ct
267 2561 408 2638 promenti
433 2561 521 2638 digito
549 2561 645 2622 cedit:
681 2548 917 2640 ὑδροκέφαιον
941 2556 1046 2618 Graeci
1117 2602 1119 2606 .

59 2641 209 2718 appellant.
248 2643 292 2704 Ex
307 2646 351 2704 his
365 2645 411 2720 id,
435 2645 512 2723 quod
528 2646 656 2706 secundo
673 2645 741 2704 loco
759 2647 883 2722 positum
899 2651 958 2719 eet,
981 2641 1045 2700 dum

59 2722 120 2783 leve
135 2735 196 2800 est,
220 2730 326 2805 quasit
342 2729 455 2788 rationo
472 2730 640 2805 curandum,
658 2729 731 2806 dixi,
747 2747 832 2808 quum
850 2742 1047 2806 persequerer

42 2823 106 2887 tea,
130 2827 203 2888 quae
220 2815 279 2872 sani
296 2812 426 2872 homines
444 2814 472 2871 iu
487 2813 685 2873 imbecillitate
703 2815 793 2890 partis
809 2813 930 2887 alicujus
947 2810 1045 2868 lacere

61 2889 202 2953 deberent.
249 2894 331 2968 Quae
358 2911 427 2956 vero
452 2897 557 2957 auxilia
586 2897 781 2975 circumitis,
808 2891 1045 2955 ubicumiebre
1114 2929 1117 2934 ,
1184 2871 1185 2942 Ῠ

35 2973 139 3034 rodolor
160 2987 222 3054 eet,
245 2997 282 3038 eo
305 2979 372 3039 loeo
390 2981 556 3059 explicitum
576 2990 635 3056 eat,
659 2997 716 3060 quo
733 2978 855 3039 lebrium
871 2977 981 3037 curatio
997 2993 1046 3033 ex·

62 3059 148 3134 posita
170 3071 223 3120 est.
262 3061 344 3123 Nunc
366 3063 402 3122 de
425 3067 532 3124 ceteris
555 3065 704 3125 dicendum
726 3072 779 3123 cst.
815 3062 860 3121 Ex
882 3059 983 3139 quibua
1006 3058 1046 3132 td,

63 3143 133 3218 quod
155 3155 267 3205 acutum
290 3155 351 3220 eet,
375 3156 403 3207 el
425 3147 468 3225 td,
494 3149 571 3226 quod
592 3165 678 3226 supra
701 3147 936 3206 cousuetudinem
958 3145 1046 3202 iuteo·

64 3221 147 3302 ditur,
173 3229 259 3306 idque
286 3231 364 3309 quod
390 3249 429 3291 ex
454 3233 547 3292 subita
574 3251 676 3306 causa,
705 3232 759 3290 etsi
783 3248 840 3289 oon
866 3228 1046 3308 pestiferum,

63 3311 151 3369 tameo
165 3313 321 3372 vehemens
338 3323 396 3388 eet,
412 3316 530 3392 primam
549 3318 724 3374 curationem
739 3307 842 3390 habet,
860 3329 915 3393 qua
932 3311 1047 3386 sanguia

38 3392 189 3470 remittatur.
227 3398 284 3458 Sed
305 3397 348 3473 id,
371 3399 425 3456 uisi
448 3399 638 3458 intolerabilis
654 3399 739 3458 dolor
754 3407 815 3472 eet,
839 3411 1048 3476 supervacuum

67 3481 119 3534 eet:
141 3481 287 3562 satiusque
307 3487 354 3542 eet
369 3481 515 3544 abstinere
531 3501 546 3542 a
563 3481 642 3548 cibo:
668 3484 693 3540 ei
712 3482 773 3541 lieri
792 3490 904 3560 polest,
933 3479 1047 3536 abacta
1133 3487 1136 3491 ·
