2392 3906
402 237 473 284 utta.
489 235 539 283 111.
555 235 628 284 CAP·
644 236 690 284 VI.

410 459 594 520 CAPUT
629 461 717 532 vl„

218 575 322 635 Quando
339 575 455 640 potiones
471 574 670 624 febricitantibus
686 574 740 624 dari
758 576 885 641 expediet.

110 726 175 788 Sed
193 726 229 786 de
246 726 311 786 cibo
328 725 442 804 quidem
459 726 573 786 facilior
591 743 654 785 oum
675 728 773 802 aegris
794 729 867 788 ratio
893 737 953 802 est,
975 745 1049 804 quo-

37 829 110 872 rum
129 829 222 889 saepe
236 810 400 870 stomachus
415 807 489 869 hunc
504 811 623 888 respuit,
640 811 750 869 etiamsi
760 828 841 870 mens
855 812 1049 889 concupiscit:

10 896 81 956 sde
99 897 225 974 potione
241 911 312 954 vero
331 897 435 970 ingens
450 911 546 971 pugna
564 902 623 963 est;
648 911 744 971 coque
760 897 869 972 magis,
886 911 942 973 quo
959 895 1051 968 major

39 978 143 1040 febris
159 986 214 1036 est.
243 976 323 1037 llaec
344 979 417 1037 enim
431 977 503 1036 sitim
518 975 666 1052 accendit,
690 988 719 1037 et
741 987 797 1037 tum
813 981 934 1038 maxime
950 995 1051 1055 aquam

45 1063 161 1138 exigit,
185 1078 268 1138 quum
292 1061 341 1120 illa
363 1062 608 1138 periculosissima
630 1070 684 1120 est.
715 1062 773 1121 Sed
794 1061 942 1122 doeendus
962 1077 1052 1136 aeger

51 1155 117 1220 est,
139 1144 183 1204 ubi
203 1145 292 1204 febris
313 1145 470 1222 quieverit,
493 1147 623 1222 protinus
645 1145 717 1204 sitim
741 1163 856 1225 quoque
877 1147 1051 1225 quieturam:

51 1229 274 1305 longioremque
289 1231 489 1288 accessionem
506 1228 587 1303 fore,
613 1229 637 1288 si
653 1228 730 1306 quod
745 1231 772 1289 ei
790 1229 884 1289 dutum
899 1229 986 1288 fuerit
1003 1228 1052 1288 ali·

10 1334 38 1376 ro
47 1321 193 1372 mentum:
211 1314 250 1371 ita
268 1311 392 1370 celerius
411 1329 474 1371 eum
489 1311 622 1372 desinere
638 1313 735 1389 sitire,
751 1314 800 1391 qui
815 1331 873 1374 non
885 1313 966 1372 bibit.
996 1311 1053 1371 Ne·

46 1413 140 1456 cesse
156 1403 329 1470 esttamen,
350 1406 457 1473 quanto
472 1395 587 1456 faoilius
603 1396 688 1456 etiam
703 1399 764 1456 sani
780 1397 899 1472 famem,
917 1414 1000 1475 quam
1016 1397 1053 1455 si·

46 1482 98 1540 tim
122 1479 280 1554 sustinent,
298 1487 377 1538 tanto
393 1481 484 1556 magis
506 1479 603 1556 aegris
625 1480 652 1537 in
676 1481 812 1557 potione,
836 1498 919 1557 quam
941 1482 969 1538 in
987 1479 1053 1539 oibo

47 1562 216 1638 indulgere.
248 1562 420 1640 Sed'primo
436 1560 548 1641 quidem
570 1559 615 1620 die
637 1563 732 1622 nullus
753 1563 854 1624 humor
874 1563 934 1624 dari
956 1563 1053 1637 debet,

50 1647 105 1704 nisi
127 1643 224 1705 subito
247 1647 290 1704 sic
313 1661 405 1705 venae
427 1644 628 1721 conciderunt,
652 1655 681 1706 ut
700 1646 781 1706 cibus
796 1643 911 1726 quoque
930 1647 991 1706 dari
1005 1646 1053 1705 de·

15 1755 41 1796 11
51 1728 136 1790 beat:
155 1728 284 1790 secundo
300 1746 383 1803 vero,
401 1731 564 1812 ceterisque
582 1731 676 1807 etiam,
694 1730 797 1809 quibus
814 1731 894 1791 cibus
906 1748 963 1791 non
975 1729 1054 1790 dabi-

48 1823 112 1887 tur,
130 1821 244 1886 tamen,
260 1814 284 1872 si
298 1829 401 1889 magna
419 1813 480 1872 sitis
495 1813 626 1890 urgebit,
646 1817 726 1893 potio
742 1815 802 1874 dari
819 1823 925 1894 potest.
957 1815 1054 1873 Anne

47 1895 122 1956 illud
145 1894 259 1974 quidem
279 1895 315 1955 ab
335 1895 491 1956 Heraclide
514 1897 669 1958 'larentina
691 1896 796 1958 dictum
819 1900 931 1958 ratione
961 1907 1053 1958 caret:

49 1979 99 2040 nbi
116 1988 167 2040 aut
181 1978 247 2038 bilis
264 1997 398 2056 aegrum,
416 1991 464 2041 aut
479 1980 603 2041 eruditas
617 1981 693 2042 mele
709 1981 812 2060 habet,
829 1982 969 2060 expedire
985 1999 1054 2059 quo·

51 2081 110 2143 que
127 2081 183 2140 per
199 2062 327 2122 modicas
342 2065 478 2141 potiones
492 2065 608 2124 misceri
623 2082 727 2124 noram
742 2068 878 2126 materiae
898 2074 1055 2142 corruptae

14 2171 41 2212 ro
52 2147 108 2226 (cf.
123 2145 178 2223 lv,
198 2147 261 2225 11).
292 2146 366 2206 lllud
380 2145 606 2220 videndumst,
627 2158 658 2206 ut
673 2149 767 2226 qualia
782 2158 913 2228 tempora
930 2148 995 2208 cibo
1013 2148 1054 2207 lc-

51 2239 178 2308 guntur,
202 2230 267 2290 talia
285 2232 394 2308 potioni
412 2249 542 2308 quoque,
559 2230 606 2290 ubi
620 2231 681 2290 sine
697 2232 747 2291 illo
762 2232 858 2308 datur,
877 2232 1053 2308 deliguntur:

53 2323 104 2374 aut
125 2332 211 2392 quum
233 2331 350 2390 aegrum
374 2314 499 2375 dormire
522 2315 685 2393 cupiemus;
705 2315 782 2393 quod
800 2315 863 2374 fere
881 2316 942 2374 sitis
958 2313 1054 2392 prohi-

56 2398 117 2456 bet.
142 2397 218 2458 Satis
235 2407 328 2457 autem
351 2401 500 2473 convenit,
523 2416 607 2475 quum
623 2398 754 2458 omnibus
770 2397 996 2458 febricitantibus
1014 2399 1054 2456 ni-

60 2482 131 2539 mius
143 2479 246 2540 humor
261 2481 370 2540 alienus
386 2484 439 2558 sit,
458 2491 515 2541 tum
531 2484 689 2560 praecipue
704 2501 770 2542 esse
787 2483 914 2557 feminis,
931 2500 1004 2560 quae
1018 2499 1055 2540 ex

20 2589 48 2629 25
59 2574 141 2644 partu
157 2566 185 2623 in
201 2563 300 2623 febres
316 2564 484 2625 inciderunt.
615 2615 619 2622 .

119 2647 179 2708 Sed
196 2665 280 2726 quum
295 2656 424 2727 tempora
445 2650 510 2711 cibo
527 2652 696 2729 potionique
712 2649 803 2710 febris
824 2659 854 2709 et
877 2651 1055 2711 remissionis

54 2734 129 2792 ratio
147 2731 206 2806 det,
224 2741 340 2791 nonest
357 2733 599 2812 expeditissimum
616 2737 710 2808 scire,
734 2734 847 2811 quando
863 2753 953 2811 aeger
968 2735 1055 2795 febri·

56 2817 138 2891 citet,
156 2815 269 2894 quando
284 2815 386 2875 melior
400 2818 446 2893 sit,
466 2819 578 2895 quando
596 2818 727 2885 deiiciat;
744 2819 806 2876 sine
822 2819 923 2895 quibus
940 2817 1055 2896 dispeu-

56 2901 115 2960 sari
144 2899 194 2959 illa
215 2917 272 2960 non
298 2909 428 2977 possunt.
458 2902 548 2961 Venis
581 2902 638 2979 (sc.
661 2899 807 2980 arteriis)
833 2904 906 2961 enim
933 2903 1056 2960 maxime

22 2984 218 3058 noredinus,
239 2982 440 3050 fallacissimae
457 2985 514 3054 rei;
539 2987 604 3064 quie
626 3003 716 3064 saepe
737 2986 808 3044 istac
830 2984 957 3044 leniores
978 2985 1054 3044 cele·

55 3069 190 3128 rioresvc
207 3075 282 3142 sunt,
300 3075 329 3126 et
341 3075 447 3142 aetate,
463 3076 493 3130 ct
509 3088 592 3144 sexu,
609 3077 637 3128 et
653 3085 807 3146 corporum
821 3077 935 3127 natura:
953 3077 981 3126 et
993 3069 1055 3147 plc-

56 3167 177 3228 rumque
200 3151 269 3210 satis
291 3167 360 3209 sano
377 3167 520 3230 corpore,
544 3153 568 3210 si
583 3149 747 3232 stomachus
764 3151 890 3210 infirmus
907 3160 967 3226 est,
985 3171 1054 3212 non·

57 3247 210 3313 numquam
226 3235 309 3293 etiam
323 3234 478 3312 incipiente
493 3235 586 3309 febre,
602 3235 724 3294 subcunt
740 3244 769 3294 et
780 3235 944 3313 quiescunt;
961 3244 991 3294 ut
1006 3237 1055 3294 im·

13 3395 14 3398 Ἴ
58 3318 185 3378 becillus
200 3319 224 3376 is
238 3315 329 3375 videri
344 3319 451 3394 possit,
469 3321 514 3378 cui
531 3319 617 3378 facile
635 3319 728 3378 laturo
743 3321 842 3394 gravis
856 3321 940 3378 instat
956 3335 1055 3380 acces·

14 3404 114 3462 assio.
145 3400 252 3460 Contra
270 3417 359 3477 saepe
380 3417 430 3459 eas
446 3403 572 3462 concitat
586 3410 615 3462 ct
631 3401 692 3476 sol,
714 3411 743 3460 11
758 3401 906 3477 balneum,
929 3411 1055 3460 111111-

14 3487 17 3554 ζ
63 3485 169 3559 1111111,
186 3492 216 3544 11
230 3491 331 3560 ructus,
346 3493 374 3544 11
390 3485 442 3561 111,
460 3495 489 3545 11
503 3484 622 3564 quilibet
638 3485 710 3546 alius
726 3487 810 3545 animi
828 3485 965 3546 aflectus:
981 3483 1055 3543 adeo
