2372 3892
193 213 255 277 314
487 226 521 275 s.
537 225 568 276 o.
585 227 685 279 censu
701 225 896 277 ιιιιιιιιιιιιι

191 398 264 455 rum,
280 386 309 440 et
323 385 390 440 ente
405 375 509 441 nonum
523 375 721 475 diermitu
735 380 812 442 bilis.
845 380 903 442 Sed
921 397 1004 460 quum
1026 379 1134 475 inlrnnr·

190 465 278 523 tionis
305 465 341 522 sit
367 473 468 540 metus,
498 467 627 524 sooourri
642 465 828 539 abstinentia,
848 465 970 526 modieis
987 473 1015 523 et
1032 469 1134 539 tenpori-
1155 529 1156 542 2

192 545 338 709 pipopplppm
359 547 434 608 inter
457 548 532 608 baso
556 548 709 625 lomentis,
732 559 762 609 et
784 548 887 628 quibus
902 565 990 628 supra
1006 547 1156 626 soripsirun'

490 865 673 928 CAPUT
702 868 881 930 XXVII.
1140 876 1145 912 ³

427 983 463 1033 De
477 997 566 1033 canoro
584 983 628 1047 qui
644 983 729 1033 exciso
742 985 824 1033 vesica
837 985 957 1034 nascitur.

250 1131 398 1193 Proximus
414 1134 511 1192 oenori
526 1142 619 1192 metus
635 1141 689 1192 est.
714 1132 743 1192 ls
758 1135 960 1212 cognoscitur,
978 1135 1003 1194 si
1015 1141 1041 1192 et
1053 1130 1136 1211 perrul

190 1233 259 1293 nos,
277 1225 305 1276 et
322 1232 375 1293 per
389 1218 481 1295 ipsum
498 1216 591 1277 oolem
607 1217 667 1277 lluit
684 1217 779 1276 sanies
797 1218 861 1278 mali
877 1217 994 1294 odoris,
1011 1229 1136 1292 eumenen

191 1301 330 1376 quaedum
346 1317 362 1359 ι
379 1308 519 1360 ιιιιιιιο
532 1301 670 1376 sanguine
683 1317 739 1360 non
754 1299 946 1378 abhorrentia,
963 1311 1137 1376 tenuesquerr

94 1425 103 1440 .
189 1382 327 1442 runcnlee
345 1383 447 1444 lanulis
463 1383 587 1443 similes:
603 1393 719 1462 praeter
737 1384 826 1461 liaeo,
844 1387 870 1444 si
884 1401 956 1446 orae
977 1383 1091 1443 uulneris
1105 1379 1152 1437 ario

189 1465 245 1526 dae
258 1475 337 1543 sunt,
360 1468 384 1526 si
399 1466 497 1527 dolent
513 1467 644 1544 inguina,
663 1467 687 1527 si
708 1467 801 1528 sebnia
825 1485 880 1527 non
896 1469 1018 1545 desinit,
1038 1463 1136 1542 ouqurb

188 1560 302 1610 nootem
325 1559 464 1627 augetur,
491 1551 516 1608 si
536 1550 687 1610 inordinati
703 1551 841 1612 luorrores
857 1554 1009 1622 recedunt,
1040 1544 1136 1608 Gorsile

187 1634 305 1694 randum
330 1643 423 1692 autern
447 1642 493 1692 est
513 1633 540 1692 in
563 1651 647 1711 quarn
671 1643 780 1714 partem
796 1651 904 1695 oanoer
917 1637 941 1695 i
956 1629 1059 1696 tendat.
1085 1624 1135 1690 sin

189 1717 293 1791 oolem,
312 1717 468 1776 indurescit
486 1718 511 1775 le
526 1717 619 1795 loeus,
636 1725 666 1777 et
682 1717 774 1794 rubet,
796 1729 825 1779 et
844 1728 921 1780 taotu
944 1719 1069 1780 dolorem
1088 1710 1135 1772 orti

184 1808 244 1874 tat,
261 1800 445 1879 testiculique
461 1802 661 1862 intumescunt:
676 1803 701 1862 si
715 1803 742 1861 in
758 1805 848 1881 ipsam
865 1805 1008 1878 resinam,
1030 1801 1069 1861 ani
1083 1793 1149 1856 dolori

188 1883 335 1964 sequitur,
353 1901 446 1943 noxae
464 1883 553 1944 durae
573 1895 654 1961 sunt,
678 1901 735 1945 non
754 1886 841 1947 laoile
861 1903 944 1946 crura
970 1883 1077 1946 extendi
1094 1893 1134 1957 pit

187 1973 268 2024 sunt:
285 1974 313 2024 at
323 1968 346 2025 si
362 1968 388 2025 in
401 1967 569 2027 alterutrum
581 1969 666 2046 latus,
681 1969 774 2030 ooulis
789 1970 816 2029 id
833 1972 995 2050 expositum
1011 1977 1059 2044 est,
1071 1977 1135 2044 perer

188 2063 246 2126 que
274 2049 413 2128 utrimque
429 2050 546 2111 easdem
561 2061 655 2128 notas,
684 2051 736 2111 sed
759 2054 903 2130 minores,
925 2054 1023 2114 habet.
1052 2051 1134 2110 Printt

186 2140 280 2191 autem
297 2130 332 2192 ad
348 2151 408 2193 rem
424 2136 551 2213 pertinet
566 2152 673 2212 eorpus
685 2145 767 2196 reete
779 2139 899 2214 jacere,
914 2147 945 2198 ut
960 2137 1085 2216 superior
1095 2141 1134 2208 pot

186 2231 303 2294 semper
325 2233 358 2276 ea
382 2217 435 2291 sit,
456 2217 483 2275 in
505 2235 586 2296 quem
607 2219 705 2278 uitium
727 2220 827 2280 lentur.
857 2220 917 2297 lte,
935 2223 959 2281 si
979 2221 1014 2281 ad
1032 2211 1148 2282 colonio

179 2299 303 2376 supinus
318 2300 343 2358 is
371 2299 511 2360 collocari
529 2301 630 2369 debet;
654 2303 678 2362 si
696 2302 885 2380 aduenioam,
901 2306 1078 2368 invenirent
1095 2294 1134 2355 ⁵55¹

185 2378 270 2455 latus,
287 2382 313 2440 in
330 2381 358 2454 id
375 2383 451 2461 quod
470 2385 677 2461 integrius-est.
703 2385 825 2462 Deinde,
846 2387 893 2447 ubi
908 2399 1021 2448 uentum
1035 2372 1135 2446 turriti

186 2465 372 2542 ouranionem,
388 2465 475 2526 homo
490 2469 635 2546 inaquam
651 2468 813 2530 demittetur
826 2473 855 2530 in
870 2488 925 2549 qua
939 2459 1134 2532 narrabimus

186 2555 299 2605 oootum
316 2551 367 2624 sit,
384 2557 431 2608 aut
449 2567 615 2629 cupressus,
632 2562 680 2612 ιιι
694 2563 818 2628 myrtusr
839 2555 973 2634 idemque
993 2555 1084 2614 humor
1098 2543 1134 2614 tll'

185 2636 263 2687 stare
278 2630 351 2690 intus
368 2630 514 2708 adigetur:
539 2643 596 2694 tum
619 2645 833 2714 superponetur
853 2629 987 2698 lenticula
1009 2651 1065 2698 oum
1082 2625 1149 2688 urio

185 2711 267 2770 oorio
281 2713 384 2780 mixta;
404 2730 478 2792 quae
498 2724 620 2796 utraque
644 2737 681 2778 ex
696 2721 763 2780 uino
782 2721 989 2791 deooota·sint;
1014 2718 1055 2780 rel
1067 2711 1133 2779 robiis

185 2801 232 2854 ιιι
254 2794 338 2856 oleae
355 2795 429 2859 totta
452 2798 553 2859 eodem
575 2801 660 2862 modo
683 2803 822 2872 deooote;
844 2804 936 2865 aliaue
958 2799 1131 2864 medioanoult

185 2896 258 2956 quae
276 2880 311 2940 ad
328 2879 508 2942 cohibendos
522 2886 747 2966 purgandosque
764 2905 885 2948 canoros
898 2890 1087 2968 proposuimus
1098 2871 1131 2954 (ιὶ

182 2961 220 3037 V,
232 2963 283 3042 28,
295 2963 341 3043 2).
363 2964 409 3026 Ex
422 2968 534 3045 quibus,
549 2970 572 3028 si
584 2987 638 3047 qua
651 2980 734 3030 erunt
751 2971 846 3047 arida,
860 2991 913 3052 per
929 2969 1093 3050 seriptorinn
1104 2973 1130 3018 tt

183 3045 285 3108 tamum
298 3049 520 3128 inspirabantur.
536 3051 593 3113 Ubi
606 3061 683 3113 stare
693 3055 824 3133 eoeperit
834 3071 951 3131 oenoer,
965 3056 1053 3115 mulso
1062 3045 1146 3108 vuirunt

183 3128 309 3191 eluetur:
327 3133 519 3214 vitabiturque
532 3151 566 3194 eo
577 3144 709 3214 tempore
723 3148 861 3215 ceratum,
877 3139 965 3218 quod,
979 3139 1012 3198 ad
1027 3130 1131 3209 recipior

183 3209 247 3269 dum
270 3213 298 3272 id
317 3217 428 3293 malurn,
450 3235 556 3298 eorpus
571 3219 695 3281 emollit:
714 3225 809 3301 potius
825 3223 970 3300 plumbum
985 3223 1078 3282 elotum
1092 3219 1130 3270 mn

180 3294 248 3353 vino
261 3295 427 3372 inungetnm
442 3318 586 3379 superque
598 3303 672 3363 idern
684 3305 805 3367 linteolo
818 3307 917 3367 illitum
928 3309 1083 3386 imponetur·
1093 3287 1130 3354 Sil

182 3377 283 3452 quibus
295 3382 440 3454 perveniri
452 3382 487 3439 ed
499 3387 646 3444 sanitatem
660 3398 774 3464 potest:
788 3407 850 3448 oum
863 3408 900 3451 eo
913 3400 1016 3466 tamen,
1025 3381 1129 3469 quodibi

180 3457 357 3535 ignoremus,
374 3470 438 3520 orto
454 3479 561 3523 canoro
575 3483 666 3546 saepe
682 3471 759 3531 alfini
777 3473 964 3553 stomachum,
981 3476 1025 3534 oui
1040 3483 1089 3532 oum
1099 3459 1146 3520 ’μ’
