2444 3904
149 207 167 266 6
445 215 836 266 e.c.csusrusnrerusa

149 389 246 448 eausa,
261 371 349 432 multo
366 373 457 432 miuus
472 391 535 432 eam
552 388 639 452 posse
656 370 817 448 subjicere,
839 387 913 450 quae
935 371 963 432 iu
979 369 1066 431 dubio
1084 380 1135 430 est.

148 456 238 530 Quum
256 457 343 532 igitur
360 456 409 516 illa
424 458 542 532 ineerta,
564 453 863 534 incompreheusibilis
877 459 930 532 sit,
952 475 968 515 a
985 457 1073 516 certis
1087 473 1136 534 po

146 543 201 598 tius
217 548 245 600 et
264 541 425 618 exploratis
440 540 593 620 petendum
607 557 673 600 esse
686 540 872 619 praesidium
893 541 985 617 idest,
1001 542 1047 616 iis,
1064 557 1136 616 quae

147 707 277 767 omnibus
299 710 421 779 artibus;
442 727 506 768 narn
526 726 562 767 ne
583 709 743 785 agricolam
762 707 875 787 quidem
896 719 943 770 aut
964 707 1157 786 gubernatoe

145 811 205 852 rem
220 793 429 871 disputatione,
452 793 504 852 sed
524 810 576 852 usu
597 794 668 852 lieri.
700 793 746 852 Ac
764 792 834 853 nihil
853 795 923 852 istas
946 794 1136 870 cogitationes

146 877 181 936 ad
198 877 366 937 medicinam
382 877 544 956 pertinere,
560 893 596 935 eo
614 894 731 956 quoque
747 877 834 953 disci,
855 877 934 956 quod
955 881 1001 956 qui
1023 876 1137 936 diversa

145 962 181 1021 de
196 961 241 1022 bis
255 963 412 1037 senserint,
437 960 472 1019 ad
496 960 624 1020 eamdem
644 971 738 1021 tamen
759 963 908 1022 sanitatem
927 961 1055 1022 homines
1072 978 1136 1039 per·

144 1045 286 1106 duxerint.
318 1045 350 1104 ld
365 1045 438 1103 euim
454 1045 578 1122 iecisse,
596 1047 660 1123 quia
675 1063 733 1106 non
747 1045 783 1106 ab
798 1045 931 1106 obscuris
956 1047 1066 1121 causis,
1087 1061 1135 1102 ne·

144 1148 200 1206 que
221 1128 426 1188 anaturalibus
445 1129 620 1206 actionibus,
639 1148 713 1207 quae
728 1129 803 1210 apud
822 1147 874 1190 eos
894 1129 1026 1190 diuersae
1045 1137 1167 1203 erantne

142 1211 194 1270 sed
216 1213 251 1272 ab
273 1214 492 1290 experimentis,
521 1223 607 1292 prout
628 1217 731 1292 cuique
751 1213 980 1293 responderant,
1006 1212 1136 1272 medendi

142 1298 204 1356 vias
219 1299 368 1357 traxerint.
404 1297 449 1356 Ne
467 1299 542 1358 iuter
559 1299 638 1358 initia
660 1299 774 1377 quidem
795 1299 830 1359 ab
845 1300 908 1358 istis
922 1296 1137 1376 quaestionibus

142 1379 292 1440 deductam
306 1399 373 1440 esse
388 1381 571 1460 medicinam,
591 1383 643 1442 sed
665 1383 701 1442 ab
723 1385 938 1462 experimentis.
975 1383 1136 1459 Aegrorum

142 1465 227 1541 enim,
246 1465 293 1542 qui
311 1467 374 1525 siue
389 1466 509 1526 medicis
525 1475 616 1545 erant,
636 1467 709 1527 alios
725 1477 846 1547 propter
861 1467 1024 1527 aviditatem
1039 1467 1136 1545 primis

141 1548 241 1609 diebus
254 1552 385 1628 protinus
400 1550 494 1610 cibum
506 1554 688 1628 assumsisse,
704 1552 778 1612 alios
794 1561 916 1631 propter
929 1551 1072 1611 fastidium
1088 1549 1135 1608 ab·
1145 1569 1166 1608 rs

127 1631 274 1692 ‘stinuisse
284 1655 291 1701 ;
309 1634 492 1713 levatumque
510 1638 603 1713 magis
618 1653 718 1696 eorum
734 1637 863 1696 morbum
885 1655 967 1714 esse,
984 1637 1032 1713 qui
1050 1635 1135 1695 absti-

140 1726 268 1777 nuerant.
293 1716 422 1796 Itemque
434 1720 509 1780 alios
520 1723 548 1779 in
559 1723 622 1799 ipsa
633 1719 718 1780 iebre
728 1719 836 1798 aliquid
849 1720 955 1796 edisse,
965 1719 1039 1779 alios
1050 1718 1136 1796 paulo

140 1809 206 1860 aute
219 1819 291 1875 eam,
308 1787 382 1862 alios
394 1814 461 1882 post
474 1806 672 1864 remissionem
690 1805 768 1878 eius;
786 1805 893 1883 optime
905 1803 1009 1863 deinde
1024 1805 1059 1862 iis
1073 1819 1136 1860 ces·
1182 1859 1185 1868 ,

140 1887 230 1961 sisse,
250 1886 298 1963 qui
316 1896 382 1964 post
400 1890 484 1948 finem
501 1888 592 1948 febris
607 1888 635 1948 id
656 1888 795 1948 lecerunt.
840 1888 1007 1966 Eademque
1025 1887 1136 1946 ratione

139 1967 212 2028 alios
225 1970 298 2028 inter
309 1973 448 2050 principia
460 1974 590 2051 protinus
602 1991 672 2033 usos
684 1991 750 2032 esse
761 1973 827 2033 cibo
837 1974 977 2052 pleniore,
990 1971 1063 2031 alios
1076 1970 1136 2029 exi·
1145 1981 1169 2021 ²⁰

139 2071 211 2129 guo;
227 2056 437 2135 gravioresque
456 2074 508 2116 eos
525 2053 638 2134 laotos,
653 2057 700 2136 qui
718 2076 750 2117 se
768 2059 928 2137 implerant.
962 2056 1044 2115 Haec
1062 2056 1136 2113 sinri-

139 2137 233 2216 liaque
249 2156 333 2216 quum
345 2141 473 2218 quotidie
492 2141 666 2218 inciderent,
685 2141 840 2219 diligentes
859 2142 990 2201 homines
1006 2146 1137 2213 notasse,

139 2239 213 2299 quae
231 2222 401 2303 plerumque
420 2225 521 2285 melius
539 2227 765 2306 responderent:
792 2226 895 2286 deinde
919 2222 1138 2302 aegrotantibus

139 2325 173 2366 ea
187 2308 360 2387 praecipere
375 2312 520 2389 coepisse.
551 2313 599 2372 Sic
615 2311 785 2372 medicinam
803 2319 908 2385 ortam,
927 2307 1046 2368 subinde
1064 2307 1136 2366 alio-

137 2408 197 2449 rum
210 2391 320 2467 salute,
342 2394 462 2454 aliorum
474 2397 604 2472 interitu,
624 2397 787 2474 perniciosa
806 2389 1014 2452 discernentem
1031 2390 1169 2450 asam-ts

137 2473 254 2531 taribus.
283 2477 420 2554 Repertis
434 2479 536 2537 deinde
544 2480 605 2552 jam
617 2478 770 2551 remediis,
789 2477 919 2536 homines
931 2475 1137 2536 delationibus

138 2554 238 2613 eorum
251 2558 396 2618 disserere
410 2565 564 2639 coepisse:
580 2579 635 2619 nec
654 2570 720 2638 post
735 2561 875 2619 rationem
886 2561 1055 2620 medicinam
1067 2576 1137 2619 esse
1214 2543 1216 2646 l

137 2641 295 2709 inventam;
322 2641 374 2700 sed
391 2653 458 2720 post
470 2647 614 2704 iuventam
626 2643 795 2704 medicinam
808 2646 946 2704 rationem
967 2663 1033 2704 esse
1046 2661 1136 2722 quaer
1214 2647 1216 2726 l

138 2724 229 2781 sitam.
263 2723 425 2801 Requirere
450 2727 623 2786 etiamratio
643 2727 718 2786 idem
742 2728 847 2788 doceat
878 2729 955 2807 quod
980 2729 1136 2806 experien·
1214 2727 1216 2788 l

136 2807 190 2882 tia,
216 2825 251 2865 an
268 2807 357 2868 aliud:
383 2809 406 2866 si
431 2809 521 2885 idem,
546 2829 756 2889 supervacuam
778 2831 861 2880 esse:
882 2815 908 2894 si
933 2812 1023 2887 aliud,
1048 2813 1170 2870 etiamtt

137 2893 317 2954 contrariam.
354 2891 448 2951 Primo
467 2903 560 2953 tamen
581 2895 707 2956 remedia
730 2897 909 2976 exploranda
933 2913 1041 2956 summa
1065 2911 1135 2953 eura

135 2975 236 3050 icisse,
249 2993 324 3034 nunc
335 2993 406 3048 vero
419 2977 480 3051 jam
495 2979 644 3057 explorata
658 2999 739 3050 esse;
756 2999 851 3059 ueque
870 2990 917 3041 aut
933 2997 1008 3039 nova
1022 2995 1136 3054 genera

135 3056 300 3118 morborum
312 3061 445 3138 reperiri,
460 3071 506 3122 aut
517 3080 620 3122 novam
632 3064 789 3124 desiderari
801 3065 978 3124 medicinam.
1011 3062 1097 3137 Quod
1111 3062 1135 3118 si

131 3143 192 3215 jam
204 3141 309 3202 ineidat
320 3143 386 3204 mali
398 3163 491 3222 genus
504 3145 619 3224 aliquod
631 3149 774 3226 ignotum,
794 3167 851 3207 non
869 3147 935 3208 ideo
953 3157 1047 3207 tamen
1066 3147 1135 3205 lore

134 3225 248 3284 medico
261 3228 296 3286 de
309 3227 395 3288 rebus
409 3230 591 3306 cogitandum
605 3231 750 3292 obscuris:
768 3233 819 3292 sed
831 3251 895 3292 eum
907 3235 1036 3310 protinus
1055 3233 1133 3289 visu·
1144 3242 1168 3282 at

135 3329 205 3383 rum,
219 3313 263 3369 oui
275 3312 377 3373 morbo
389 3313 417 3372 id
429 3316 590 3393 proximum
602 3318 651 3385 sit;
670 3327 897 3394 tentaturumque
914 3315 1041 3376 remedia
1057 3314 1133 3374 simi·
1215 3315 1216 3358 ἓ

134 3393 173 3454 lia
184 3394 251 3470 illis,
266 3414 339 3473 quae
351 3399 446 3458 vicino
459 3399 534 3458 malo
547 3417 637 3478 saepe
650 3403 854 3475 succurrerint,
872 3409 900 3459 et
912 3419 966 3478 per
978 3401 1041 3478 ejus
1054 3399 1133 3458 sirni-
1215 3397 1216 3454 l

135 3477 278 3540 litudinem
293 3497 378 3560 opem
391 3492 580 3561 reperturum.
616 3483 718 3562 Neque
734 3487 852 3544 enimse
877 3484 990 3560 dicere,
1008 3483 1135 3544 oonsilio
1214 3455 1216 3576 p
