2384 3896
335 195 404 242 ΜΒ.
422 196 458 242 Vs
476 195 549 242 cAP.
567 195 637 242 XXI.
654 197 743 245 xxtr.

369 349 553 412 onPUT
584 351 722 410 XXII.

263 468 299 517 Dc
314 455 504 517 medicamentis
522 467 613 530 qulbus
626 467 705 518 aridis
723 468 824 520 utimur.

110 606 139 664 1.
164 603 310 676 Quaedam
326 613 420 664 autem
436 605 576 664 mixturae
591 604 863 664 medicamentorum
880 615 961 680 sunt,
980 609 1040 684 qui·

44 689 97 748 hus
114 688 204 748 aridis
217 707 310 766 neque
324 690 434 748 coactis
447 689 548 768 utimur
560 688 621 764 sic,
635 697 664 748 ut
680 689 894 765 inspergamus,
912 699 960 748 aut
979 707 1041 748 cum

22 772 143 850 salique
160 772 269 850 liquido
283 773 373 832 mixta
388 770 532 832 illinamus
548 771 610 852 (cf.
629 771 690 832 Gal.
706 771 740 832 S.
754 771 789 831 G.
804 774 846 848 V,
865 771 903 832 13
919 781 949 832 et
967 774 1038 851 ld):

46 857 132 934 quale
160 866 204 914 est
229 855 266 916 ad
294 874 410 916 carnem
437 865 709 933 supercrescentem
736 855 933 931 exedendam,
964 857 1041 934 quod
1102 889 1107 902 ·

45 939 133 999 hahet
145 956 283 1019 squamae
306 941 398 1014 aeris,
422 939 551 1016 fuliginis
574 941 660 1014 turis,
685 939 862 1017 singulorum
885 958 914 1018 p.
937 940 992 1017 )·(.
1017 954 1039 1000 1.

44 1026 192 1100 aeruginis
213 1043 240 1102 p.
257 1024 314 1102 )·(.
332 1036 368 1084 11.
407 1022 592 1084 llaecautem
611 1025 711 1084 eadem
729 1042 792 1082 cum
810 1023 897 1083 melle
917 1033 1040 1101 purgant

45 1108 161 1177 ulcera;
188 1125 251 1168 cum
268 1125 351 1183 cera,
370 1107 498 1185 implent.
536 1107 610 1183 Misy
626 1125 742 1186 quoque
764 1115 792 1166 et
808 1105 902 1184 galla,
924 1107 952 1166 si
965 1109 1039 1184 pari·

13 1191 98 1250 rubus
122 1191 305 1270 portionibus
326 1193 516 1267 misceamur,
538 1209 645 1270 corpus
669 1200 852 1251 consumunt:
874 1207 968 1269 eaque
993 1191 1040 1250 vcl

45 1277 124 1347 arida
141 1276 314 1354 inspergere
331 1275 417 1352 licet,
433 1275 482 1334 vel
498 1285 622 1353 excepta
639 1275 747 1336 cadmia
763 1275 887 1334 illinere.

108 1359 137 1418 2.
162 1359 276 1419 Putrem
297 1355 369 1420 vero
392 1377 507 1419 carnem
532 1360 675 1434 continet,
697 1377 791 1437 neque
816 1358 890 1417 ultra
918 1375 1039 1434 serpere

44 1444 167 1520 patitur,
192 1452 221 1501 et
244 1443 349 1503 leniter
368 1453 470 1518 exest,
498 1443 555 1502 mel
574 1443 624 1502 vel
647 1461 709 1502 cum
729 1441 881 1514 lenticula,
905 1441 951 1499 vel
977 1459 1039 1500 cum

44 1525 209 1601 marrubio,
228 1527 275 1586 vel
291 1545 355 1586 cum
370 1527 455 1598 oleae
470 1526 563 1602 foliis,
586 1536 650 1586 ante
668 1544 704 1584 ex
722 1527 788 1584 vino
805 1525 951 1585 decoctis:
972 1526 1039 1582 item

15 1623 37 1664 aa
46 1611 154 1671 sertula
177 1628 314 1690 campana
330 1613 357 1669 in
373 1610 465 1671 mulso
485 1619 587 1688 cocta,
619 1609 721 1670 deinde
744 1609 880 1669 coutrita:
906 1616 954 1666 aut
975 1607 1040 1666 cain

46 1711 107 1753 cum
129 1703 246 1754 cerato:
274 1703 322 1754 aut
337 1712 451 1754 amaras
468 1712 559 1755 nuces
577 1712 639 1754 cum
655 1693 724 1754 allio
741 1694 800 1770 sic,
820 1700 850 1752 ut
871 1690 954 1766 hujus
972 1694 1039 1768 pars
1084 1767 1096 1779 .

45 1780 126 1838 tertia
153 1779 206 1853 sit,
229 1779 401 1857 paulumque
425 1779 470 1838 his
494 1780 574 1838 croci
596 1777 760 1855 adjiciatur:
783 1785 830 1838 aut
854 1775 931 1854 qnod
951 1773 1039 1833 hahet

47 1880 163 1940 spumae
179 1865 292 1938 argenti
309 1881 337 1941 p.
353 1864 410 1941 )·(.
423 1877 468 1922 vr.
482 1879 571 1922 cornu
589 1861 688 1922 bubuli
702 1861 844 1921 combusti
860 1877 888 1936 p.
905 1859 960 1936 )·(.
977 1872 1037 1918 xrs.

46 1945 103 2005 clei
119 1947 241 2021 murtei,
260 1948 358 2006 etvini
379 1947 500 2021 cyathos
516 1956 629 2006 ternos:
647 1955 695 2005 aut
710 1945 788 2024 quod
801 1962 838 2004 ex
849 1943 893 2002 his
910 1950 1037 2002 constat:

15 2029 125 2091 achoris
153 2030 248 2108 panici
282 2031 363 2105 mali,
398 2032 547 2092 atramenti
583 2030 699 2105 sutorii,
729 2028 829 2102 aloes,
862 2026 1039 2102 singulorum

45 2131 73 2190 p.
102 2115 159 2192 Η.
183 2127 220 2173 11.
243 2114 373 2176 aluminis
395 2114 532 2189 scissilis,
553 2115 639 2187 turis,
662 2112 890 2188 singulorump.
913 2111 968 2187 )·(.
991 2122 1036 2167 1v.

46 2197 140 2274 gallae
164 2215 192 2274 p.
220 2198 275 2276 )·(.
298 2209 371 2258 vlrr.
395 2197 601 2257 aristolochiae
622 2215 651 2274 p.
681 2197 737 2274 )·(.
759 2210 792 2255 x.
831 2191 1038 2254 Vehementius

47 2282 118 2341 idem
134 2282 223 2358 iacit,
243 2283 327 2342 etiam
350 2281 512 2358 adurendo,
535 2281 771 2358 auripigmentum
793 2294 856 2336 cum
872 2275 1035 2347 chalcitide,

48 2374 76 2439 et
88 2375 135 2426 aut
150 2367 244 2440 nitro,
264 2375 310 2440 aut
326 2366 424 2440 calce,
448 2375 495 2426 aut
511 2365 608 2424 charta
632 2363 796 2422 combusta:
818 2361 884 2418 item
906 2358 950 2418 sal
970 2376 1034 2419 cum

19 2443 145 2520 ssacetc;
161 2449 211 2510 vel
228 2467 262 2509 ea
281 2450 471 2528 compositio,
491 2466 564 2527 quae
587 2447 675 2515 hahet
698 2445 874 2520 chalcitidis,
897 2443 1036 2520 capitulo-

49 2550 105 2592 rum
118 2534 215 2612 punici
227 2533 310 2609 mali,
325 2533 425 2609 aloes,
442 2532 618 2609 singulorum
631 2549 659 2610 p.
673 2531 776 2609 )·(.11.
791 2528 921 2588 aluminis
936 2527 1035 2586 scissi·

49 2617 97 2692 iis,
114 2619 202 2694 turis,
222 2617 399 2694 singulorum
415 2635 443 2694 p.
462 2617 518 2696 )·(.
533 2627 579 2675 tv.
595 2615 691 2693 gallae
708 2635 735 2694 p.
758 2613 814 2692 )·(.
837 2625 910 2672 v111.
934 2612 1035 2670 aristo-

50 2699 160 2760 lochiae
184 2719 213 2780 p.
228 2702 284 2780 )·(.
299 2715 332 2762 x.
357 2701 451 2762 mellis
471 2709 604 2779 quactum
625 2700 694 2758 satis
716 2699 753 2758 sit
774 2698 809 2756 ad
830 2715 863 2756 ea
888 2695 1034 2771 cogenda:

50 2785 95 2844 vel
117 2785 298 2864 cantharides
312 2803 339 2864 p.
347 2785 398 2862 )·(.
411 2805 431 2844 1.
445 2784 600 2863 sulphuris·
611 2802 637 2861 p.
654 2782 710 2863 )·(.
727 2796 750 2843 1.
778 2781 838 2842 lolii
855 2799 882 2858 p.
906 2780 961 2858 )·(.
986 2792 1035 2836 111.
1146 2807 1150 2818 =

21 2867 150 2944 aquibus
166 2870 299 2946 adjicitur
315 2870 387 2947 picis
402 2869 528 2946 liquidae
544 2876 678 2945 quantum
701 2867 770 2926 satis
793 2873 838 2924 est
860 2863 896 2922 ad
908 2865 1035 2937 'jumgen-

52 2951 127 3011 dum:
148 2952 197 3012 vel
210 2952 341 3013 chalcitis
357 2969 472 3032 quoque
489 2966 552 3010 cum
563 2953 657 3010 resina
671 2959 699 3009 ct
715 2959 777 3008 ruta
792 2949 893 3013 mixta;
910 2953 958 3002 aut
973 2962 1036 3002 crun

53 3035 149 3095 eadem
162 3039 257 3096 resina
273 3037 445 3116 diphryges:
467 3044 514 3096 aut
535 3054 589 3094 uva
609 3035 723 3094 taminia
745 3050 807 3092 cum
830 3030 894 3107 pice
917 3027 1035 3105 liquida,

52 3117 125 3178 ldem
140 3136 211 3182 vero
228 3129 347 3198 possunt
362 3119 453 3180 lascis
474 3120 531 3178 vini
552 3117 720 3178 combustae
741 3125 770 3176 et
793 3113 899 3187 calcis,
913 3112 1034 3172 etnitri

54 3219 135 3278 pares
162 3205 328 3281 portiones:
358 3201 405 3262 vel
433 3201 562 3262 aluminis
591 3201 712 3260 scissilis
738 3218 766 3278 p.
795 3197 851 3277 )·(.
881 3215 923 3256 nn.
963 3196 1033 3254 turis

25 3287 259 3362 usandarachae,
277 3289 356 3361 nitri,
373 3286 550 3362 singulorum
565 3304 594 3363 p.
610 3286 665 3362 )·(.
682 3297 704 3342 1.
722 3282 819 3360 gallae
834 3299 863 3359 p.
885 3280 939 3359 )·(.
961 3292 1034 3340 V111.

55 3371 254 3432 aristolochiae
266 3390 293 3449 p.
310 3371 366 3449 )·(.
382 3385 414 3430 x.
430 3369 524 3430 mellis
542 3377 674 3446 lprantum
690 3369 759 3427 satis
777 3375 830 3426 est.

113 3454 140 3515 3.
165 3454 217 3514 Est
240 3458 324 3516 etiam
345 3453 438 3516 llerae
464 3453 654 3532 compositio,
681 3449 866 3594 quae1h2alpet
891 3447 1036 3522 myrrhae,
