2372 3892
283 170 351 219 urs.
372 171 431 220 vu.
449 171 524 220 css.
541 173 769 226 xxvru-xxv
975 166 1046 246 305'

365 325 550 390 CAPUT
586 329 716 394 XXV.

249 410 290 460 Ad
304 411 438 476 tegendam
451 411 570 476 glandem
581 413 656 473 colis,
672 416 694 465 si
709 414 776 466 unda
788 424 834 466 est.

107 505 138 564 1.
162 501 208 564 Ab
220 503 265 562 bis
279 502 314 563 ad
329 521 363 564 ea
379 503 580 567 transeundum
596 515 655 582 est,
672 511 785 587 quaein
800 510 865 570 cole
878 511 942 590 ipso
956 513 1034 571 liunt.

17 588 64 650 In
88 605 152 666 quo
167 589 191 646 si
206 587 290 664 glans
309 586 383 650 nuda
403 597 448 648 est
470 588 518 666 (P.
541 588 616 667 Aeg.
628 590 684 667 .V1,
701 593 774 672 53),
794 593 911 672 vultque
932 595 1035 672 aliquis

21 689 107 734 eam
136 671 253 732 decoris
277 687 363 732 causa
389 679 509 748 tegere,
528 673 591 734 lieri
609 683 722 751 potest:
751 675 803 736 sed
825 677 987 756 expeditius
1007 680 1035 737 iu

19 773 154 836 puero,
170 771 254 833 quarn
269 755 297 814 in
319 756 397 824 viro;
425 757 453 813 iu
471 772 526 832 eo,
556 757 602 815 cui
623 757 653 817 id
666 758 795 819 naturale
811 768 872 837 est,
903 778 986 839 quam
1006 761 1034 822 in

22 857 96 915 eo,
120 839 169 916 qui
190 838 373 917 quarumdam
396 840 524 916 gentium
543 853 625 900 more
651 842 837 902 circumcisus
857 853 915 912 est;
942 845 971 903 in
987 861 1033 922 eo,

23 924 90 984 cui
106 922 191 1000 glans
207 939 296 1000 parva
307 922 449 1000 juxtaque
472 935 536 982 eam
553 925 631 983 'cutis
651 926 826 1003 spatiosior,
850 926 948 988 brevis
968 929 1048 1006 ipse*

23 1006 130 1067 coles
146 1015 205 1082 est,
224 1022 307 1082 quam
327 1006 356 1064 in
377 1023 434 1085 quo
458 1006 602 1067 contraria
624 1006 668 1067 bis
689 1017 764 1068 suut.
800 1008 917 1072 Curatio
937 1021 1033 1071 autern

2 1105 162 1165 reorum,
188 1088 290 1168 quibus
311 1089 339 1148 id
359 1089 486 1150 naturale
509 1098 574 1168 est,
602 1091 744 1166 ejusmodi
761 1102 817 1166 pst.
854 1092 933 1154 Cutis
955 1095 1033 1155 cirea

19 1172 180 1252 glandem
202 1172 387 1250 prehenditur
408 1183 436 1233 et
457 1172 633 1251 extenditur,
657 1174 751 1236 donec
765 1177 844 1238 illam
857 1179 948 1256 ipsam
965 1194 1032 1237 cou-

21 1257 104 1326 dat3
121 1255 220 1334 ibique
236 1255 395 1334 deligatur:
412 1255 525 1333 deinde,
537 1258 620 1333 juxte
636 1258 759 1337 pubem,
774 1261 802 1318 iu
818 1260 919 1321 orbem
933 1271 1032 1338 tergus

20 1340 192 1417 inciditur,
208 1338 301 1400 donee
317 1340 400 1400 coles
414 1341 550 1408 nudetur;
566 1359 726 1420 magnaque
749 1362 818 1404 cure
839 1354 973 1420 cavetur,
995 1358 1032 1403 ue

21 1425 88 1486 vel
112 1425 306 1500 minaciter,
336 1424 383 1484 vel
397 1442 506 1500 venae,
532 1441 606 1502 qnae
621 1424 660 1484 ibi
676 1435 755 1500 suut,
785 1426 954 1487 incidantur.
979 1427 1031 1486 Eo

23 1509 138 1584 lacto,
157 1509 229 1568 cutis
244 1503 280 1568 ad
294 1508 619 1582 annullationem,
636 1508 813 1587 nudaturque
834 1512 910 1570 circa
927 1509 1032 1589 pubem

23 1593 121 1652 velut
143 1590 281 1662 circulum
308 1609 402 1670 eoque
425 1591 576 1655 linamenta
598 1591 713 1668 dantur,
735 1602 765 1652 ut
787 1612 855 1653 caro
875 1594 1030 1671 inurerent,

24 1686 62 1737 et
81 1675 113 1736 id
129 1674 259 1754 impleat,
282 1677 408 1754 satisque
421 1674 573 1735 velamenti
591 1693 678 1754 supra
694 1675 813 1737 latitudo
827 1677 931 1756 plagae
949 1695 1030 1757 prae-

4 1810 7 1832 ,
24 1757 107 1822 stet.
141 1758 210 1834 Sed,
227 1759 321 1819 donec
336 1761 455 1820 cicatrix
470 1762 522 1836 sit,
539 1760 662 1819 vinctum
679 1778 745 1820 esse
766 1760 794 1820 id
809 1760 911 1836 debet,
929 1762 957 1821 in
973 1779 1030 1820 me·

26 1846 87 1906 dio
104 1851 210 1903 tantum
231 1843 335 1902 relicto
357 1846 464 1920 exiguo
486 1845 584 1902 urinae
606 1844 719 1908 itinere.
748 1844 787 1903 At
801 1846 828 1904 iu
844 1862 896 1919 eo,
913 1845 961 1923 qui
976 1847 1030 1904 cir·

5 1928 186 1990 ·cumcisus
202 1934 262 2000 est,
280 1925 333 1986 sub
356 1925 465 1986 circulo
487 1926 599 2003 glandis
622 1927 763 2006 scalpello
780 1928 939 1988 diducenda
958 1930 1031 1988 cutis

25 2011 71 2072 ab
92 2011 233 2070 interiore
249 2010 313 2070 cole
330 2019 384 2070 est.
405 2009 471 2070 Nou
486 2011 524 2070 ita
540 2009 634 2086 dolet,
651 2012 726 2092 quia,
744 2028 851 2073 summo
869 2011 973 2088 soluto,
990 2011 1030 2070 di-

25 2095 107 2157 dnci
123 2093 257 2154 deorsum
272 2111 364 2171 usque
379 2093 416 2154 ad
431 2091 534 2173 pubem
545 2111 628 2152 manu
644 2103 753 2171 potest;
774 2112 868 2172 neque
884 2094 949 2154 ideo
966 2112 1030 2154 san-

26 2178 107 2258 guis
124 2177 248 2256 prolluit.
282 2177 421 2238 Resoluta
443 2187 535 2238 autem
558 2177 631 2237 cutis
655 2195 752 2236 rursus
775 2175 936 2237 extenditur
956 2177 1030 2237 ultra

26 2261 192 2342 glandem:
220 2269 276 2320 tum
304 2261 390 2322 multa
409 2261 513 2338 frigida
534 2278 606 2342 aqua
628 2259 757 2329 loretum
788 2259 1030 2338 emplastrumque

1 2349 121 2407 sciren
137 2343 235 2420 detur,
251 2345 328 2422 quod
343 2344 473 2405 valenter
493 2344 740 2404 inflammationem
761 2345 910 2423 reprimat;
933 2343 1029 2422 proxi·

27 2431 154 2508 misqae
167 2426 319 2488 diebus...
336 2427 360 2507 ¹)
375 2438 404 2488 et
423 2445 515 2508 prope
530 2445 546 2488 a
563 2428 638 2486 inme
653 2428 746 2486 victus
762 2437 816 2503 est,
826 2445 861 2486 ne
875 2426 952 2486 torte
967 2444 1030 2488 eam

29 2521 154 2595 partem
170 2512 289 2572 satietas
304 2513 421 2572 excitet.
451 2512 508 2572 Ubi
517 2513 577 2586 J'am
591 2511 652 2570 sine
668 2510 887 2572 iullammatioue
905 2519 964 2587 est,
979 2511 1028 2570 de·

28 2597 127 2674 ligari
144 2594 262 2655 debete
285 2594 362 2674 pube
377 2612 469 2672 usqne
485 2595 637 2654 circulum:
660 2613 748 2673 snper
769 2594 902 2672 glandem
925 2604 1028 2671 autern,

28 2681 167 2742 adverso
189 2679 347 2758 emplastro
373 2680 524 2756 imposito,
551 2678 657 2738 induci.
690 2679 738 2738 Sic
760 2680 832 2738 euim
853 2680 899 2755 lut,
915 2687 944 2738 nt
959 2679 1029 2739 inic-

11 2790 14 2817 ι
32 2767 103 2826 rior
122 2781 190 2842 pars
205 2761 374 2839 glutinetur;
390 2763 522 2840 superior
536 2763 574 2822 ita
589 2771 740 2839 sanescat,
757 2781 792 2821 ne
805 2761 960 2822 inhaereat.

103 2845 134 2906 2.
158 2845 282 2924 Contra,
298 2848 322 2906 si
339 2847 423 2924 glans
438 2848 475 2906 lta
494 2855 625 2906 contecta
643 2854 704 2922 est,
727 2855 756 2904 ut
772 2845 871 2905 nudari
888 2861 945 2903 non
963 2861 1028 2922 pos·

27 2971 241 2986 m

110 3031 142 3095 1)
159 3033 265 3082 Veteres
275 3031 332 3080 libri
345 3031 438 3084 babent
448 3035 622 3098 proximisque
637 3032 731 3090 diebua
743 3039 769 3080 ut
780 3044 861 3094 prope
877 3044 894 3078 a
906 3028 974 3090 fatue
994 3031 1029 3078 ui-

29 3111 94 3154 eeroe
109 3110 157 3153 est.
184 3100 234 3150 Sed
251 3100 355 3150 evidens
372 3108 423 3164 est,
446 3108 503 3166 post
514 3101 590 3150 verba
598 3102 772 3164 proximisque
787 3097 873 3148 diebus
890 3097 975 3160 aliqua
985 3097 1030 3147 de-

31 3184 108 3221 esse.
141 3169 300 3218 Palavicinus
316 3169 377 3234 legit
388 3171 560 3234 proaeimisque
578 3169 666 3219 diebus
687 3175 714 3216 ut
728 3182 811 3231 prope
826 3183 842 3216 a
864 3165 932 3228 same
951 3168 1030 3216 uictus

31 3237 228 3297 est‚abstineat.
242 3237 380 3287 Lindenius
391 3251 451 3287 vero
465 3239 499 3286 ita
508 3237 615 3301 supplet,
621 3237 793 3299 proximisque
802 3235 888 3292 diebus
894 3235 1029 3292 abeam,

31 3309 120 3358 donee
137 3320 221 3370 prope
238 3323 254 3356 a
263 3306 333 3369 smne
348 3309 427 3356 victus
442 3309 482 3356 sit.
507 3305 573 3354 Haec
590 3303 690 3367 quidem
707 3302 804 3352 videtur
817 3318 874 3353 esse
890 3303 956 3354 celsi
972 3317 1029 3352 sen-

32 3376 134 3434 tentia3
155 3373 200 3424 sed
209 3375 360 3424 constructio
373 3374 476 3434 laborat,
491 3373 540 3426 nisi
552 3387 618 3422 nova
629 3371 740 3422 adbibita
749 3371 856 3431 licentia,
866 3372 942 3421 serbo
953 3370 1030 3420 abab·

32 3459 101 3495 we
112 3441 213 3492 additur
229 3443 310 3494 dedet.

83 3531 192 3571 causus.
330 3581 335 3590 Ι
469 3559 471 3564 ,
786 3508 826 3567 20
