2396 3904
398 223 557 274 ereum.
574 221 713 274 emta.
972 212 1032 276 343

46 377 148 440 datur:
170 376 311 439 interdum
331 379 391 456 sic,
413 387 442 440 ut
459 395 524 440 eam
542 387 632 440 totam
651 380 676 442 is
699 395 784 442 casus
802 376 975 459 perruperit.
1004 379 1036 440 Si

45 472 108 524 iota
123 463 217 524 fracta
232 480 289 522 non
305 472 365 539 est,
381 481 436 524 neo
452 465 569 541 'sanguis
583 465 733 542 expuitur,
756 481 812 524 neo
831 463 973 524 febricula
990 481 1034 524 se·
1094 534 1097 541 Ι

47 547 161 624 quitur,
178 546 402 624 necquidquam
417 559 572 628 suppurat,
588 549 642 608 nisi
654 547 803 608 admodum
814 564 898 623 raro,
911 565 967 609 neo
985 547 1034 607 do·

47 629 92 690 lor
108 647 231 706 magnus
247 639 305 698 est;
322 639 400 709 tactu
414 639 508 694 tamen
520 633 545 690 is
555 631 640 692 loeus
655 630 758 691 leviter
771 631 923 692 indolescit
931 631 1032 709 (llipp.
1086 640 1101 648 ·

25 711 196 775 sDeurtic.
208 714 229 788 ὃ
241 715 310 792 49).
340 714 398 775 Sed
413 714 525 776 abunde
543 714 714 790 ostenden,
732 731 806 792 qnae
824 732 910 793 supra
926 715 1045 792 scripta-

48 807 114 858 sunt
124 797 206 877 (cap.
215 797 382 875 8),lacere;
396 798 551 860 etamedia
563 798 651 858 fascia
664 800 793 876 incipere
805 797 948 875 deligare,
960 815 995 856 ne
1009 799 1036 856 in

50 881 217 941 alterutram
232 887 343 960 partem
358 881 430 941 haee
446 890 538 942 cutem
547 883 679 942 inclinet:
694 881 729 942 ab
741 898 797 941 uno
809 899 880 942 uero
893 890 921 940 et
932 880 1035 940 vicesi-

50 982 98 1024 mo
113 963 178 1040 die,
200 981 256 1042 quo
272 966 369 1042 utique
384 981 418 1025 os
434 985 502 1025 esse
530 964 619 1028 debet
638 965 822 1043 glutinatum,
844 965 873 1024 id
895 964 1036 1041 egendum

51 1048 124 1108 cibis
138 1047 322 1108 uberioribus
337 1057 398 1124 est,
413 1058 442 1108 ut
458 1067 563 1128 eorpus
581 1066 664 1127 quem
687 1049 882 1128 plenissimum
897 1049 962 1125 luat,
979 1064 1035 1127 quo

17 1132 153 1191 romelius
169 1150 203 1191 os
214 1133 333 1201 vestiat;
345 1133 423 1210 quod
438 1133 488 1193 illo
502 1133 568 1193 loco
585 1142 713 1194 tenerum
736 1132 828 1194 adhue
845 1132 965 1206 iujuriae
983 1129 1036 1190 sub

21 1281 27 1298 x
48 1216 129 1275 tenui
143 1224 209 1274 cute
222 1216 384 1293 expositum
399 1225 452 1276 est.
491 1217 547 1278 Per
568 1235 652 1277 omne
666 1225 761 1277 eutem
779 1225 892 1296 tempus
913 1216 1037 1276 curatio·

48 1301 93 1358 nis
110 1296 243 1359 vitandus
259 1299 383 1376 clamor,
405 1317 500 1360 sermo
516 1317 632 1379 quoque
645 1300 765 1375 multus,
786 1301 843 1373 ira,
872 1307 966 1359 motus
988 1316 1036 1357 ve·

47 1382 212 1443 hamentior
236 1385 383 1461 corporis,
402 1383 509 1462 lumus,
528 1384 640 1462 pulvis,
662 1393 691 1442 et
712 1382 848 1461 quidquid
868 1382 915 1441 vel
939 1383 1038 1442 tussim

47 1467 99 1526 uel
118 1475 369 1526 sternutamentum
384 1477 495 1529 movet:
521 1486 557 1526 ne
572 1468 699 1546 spiritum
722 1467 1037 1544 quidemmagnopere

16 1571 41 1616 tu
50 1552 202 1611 continere
219 1548 344 1628 expedit.
360 1549 399 1610 Αι
414 1553 437 1611 si
453 1560 513 1611 tote
529 1560 610 1610 costa
626 1551 771 1629 perfracta
783 1559 838 1622 est,
856 1567 941 1608 casus
953 1567 1036 1628 aspe-

48 1636 111 1694 rior
128 1640 186 1693 est:
220 1651 284 1694 nem
300 1642 449 1710 etgraves
471 1635 723 1709 inflammationes,
745 1642 773 1693 et
796 1632 902 1708 febris,
924 1640 953 1692 et
968 1649 1036 1709 sup-

48 1718 181 1798 puratio,
203 1726 232 1777 et
254 1733 342 1794 saepe
363 1718 439 1778 uitae
461 1717 620 1796 periculum
639 1719 776 1796 sequitur.
805 1716 902 1792 Ergo,
919 1716 944 1775 si
958 1717 1037 1776 vires

50 1803 212 1882 patiuntur,
230 1799 266 1860 ab
282 1817 319 1860 eo
334 1800 469 1877 brachio,
487 1802 563 1880 quod
578 1819 667 1880 super
683 1818 745 1860 eam
767 1809 876 1861 costam
897 1807 957 1875 est,
972 1817 1037 1859 san·

49 1886 116 1963 guis
135 1882 286 1946 mittendus
308 1892 367 1944 est:
397 1885 421 1944 sl
441 1902 498 1946 non
519 1885 676 1964 patiuntur,
692 1885 774 1945 alvus
789 1894 883 1945 tamen
898 1882 960 1943 sine
976 1883 1036 1942 ullo

14 1989 40 2030 ao
51 1969 112 2030 acri
131 1967 259 2028 ducenda
275 1978 334 2038 est;
352 1967 512 2048 diutiusque
528 1969 623 2030 inedia
640 1969 830 2047 pugnandum.
859 1967 944 2028 Panis
965 1985 1037 2026 vero

48 2061 116 2114 ante
133 2052 283 2130 septimum
298 2051 372 2112 diem
389 2070 446 2112 nou
461 2053 662 2121 assumendum
682 2052 803 2114 seduna
823 2051 980 2111 sorbitione
998 2051 1037 2110 vi·

47 2136 189 2196 vandum:
208 2135 468 2214 imponendumque
483 2139 511 2196 ei
525 2137 593 2197 loco
612 2145 737 2196 ceratum
754 2154 791 2196 ex
810 2135 883 2194 irino
899 2133 955 2212 (cl.
974 2151 1038 2212 cap.

48 2221 80 2295 4,
90 2218 177 2295 eth,
186 2221 216 2296 t,
224 2218 257 2296 2)
270 2219 386 2295 factum,
402 2221 448 2280 eui
463 2229 545 2299 cocta
560 2237 676 2298 quoque
690 2220 785 2279 resina
800 2216 973 2292 adjectasitt
991 2224 1039 2276 aut
1054 2248 1056 2251 -

48 2302 206 2378 Polyarchi
215 2303 270 2381 (cl.
277 2302 313 2376 V,
324 2302 372 2378 18,
384 2303 419 2381 8)
432 2304 588 2381 malagma3
602 2303 748 2380 autpanui
760 2320 798 2362 ex
810 2303 877 2360 vino
891 2308 918 2360 et
927 2317 995 2359 rosa
1010 2307 1040 2359 et

14 2387 118 2448 auoleo
128 2409 135 2455 ;
147 2404 292 2464 superque
305 2388 478 2464 imponenda
492 2388 556 2448 lana
569 2386 684 2446 succida
698 2385 803 2461 mollis,
813 2381 1038 2444 etduaelasoiae

49 2487 66 2530 a
79 2469 183 2530 mediis
191 2488 287 2549 orsae,
297 2471 467 2551 minimeque
481 2472 650 2533 adstrictae:
662 2470 750 2530 multo
761 2485 832 2529 vero
842 2467 934 2543 magis
946 2467 1039 2526 omnia

48 2553 182 2629 vitanda,
202 2571 273 2631 quae
290 2572 377 2632 supra
390 2557 487 2633 posui;
514 2548 587 2616 adeo
610 2563 690 2613 utne
707 2554 824 2631 spiritus
846 2551 958 2630 quidem
974 2567 1038 2610 sae·

48 2639 114 2717 pius
133 2637 291 2698 movendus
308 2638 352 2696 sit.
382 2636 466 2711 Quod
482 2640 506 2698 si
524 2641 609 2698 tussis
624 2637 785 2712 infestabit,
804 2637 885 2716 potio
902 2634 1039 2695 sumenda

48 2719 106 2782 erit
124 2721 172 2782 vel
187 2739 225 2780 ex
239 2721 400 2797 trixagine,
414 2722 463 2782 vel
482 2741 520 2783 ex
532 2731 611 2800 ruta,
630 2721 677 2781 vel
696 2740 733 2781 ex
746 2719 920 2796 stoechade,
937 2718 985 2778 vel
1002 2736 1040 2776 ex

15 2807 165 2866 eocnmino
190 2813 219 2864 st
243 2805 357 2883 pipere.
393 2805 579 2868 Gravioribus
602 2822 673 2865 uero
696 2804 845 2865 doloribus
860 2801 1038 2879 urgentibus,

49 2889 227 2968 cataplasma
239 2889 345 2965 imponi
364 2906 479 2967 quoque
492 2891 644 2951 conveniet
659 2889 753 2948 velex
764 2888 845 2962 lolio,
861 2884 909 2944 uel
923 2902 959 2943 ex
973 2883 1038 2942 hor·
1126 2907 1138 2930 ·

48 2971 124 3049 deo,
142 2973 186 3030 cui
202 2972 317 3049 pinguis
332 2973 378 3031 lici
394 2975 478 3034 tertia
493 2991 560 3054 pars
576 2974 614 3032 sit
629 2971 753 3047 adjecta.
771 2969 809 3029 Et
823 2968 851 3027 id
867 2967 981 3046 quidem
998 2967 1038 3024 in·

47 3054 145 3114 terdiu
163 3054 374 3133 superjacebit:
401 3067 488 3117 noctu
510 3075 582 3117 vero
607 3057 682 3116 idem
698 3061 746 3114 aut
763 3061 903 3128 ceratum,
921 3059 967 3111 aut
981 3068 1039 3110 ma·

48 3137 166 3217 lagma,
191 3146 239 3197 aut
256 3141 355 3216 panni;
381 3141 446 3219 quia
469 3149 566 3218 potest
590 3138 763 3216 cataplasma
784 3135 930 3196 decidere.
957 3133 1039 3211 Ergo

15 3241 41 3282 ιε
52 3223 181 3300 quotidie
200 3239 316 3300 quoque
330 3224 506 3300 resolvetur,
522 3225 615 3284 donee
625 3224 685 3298 jam
701 3229 799 3281 cerato
812 3229 860 3280 aut
868 3218 1040 3296 malagmate

49 3310 197 3383 possimus
213 3323 280 3367 esse
296 3309 432 3367 contenti.
465 3307 501 3368 Et
522 3307 623 3368 decem
646 3305 759 3384 quidem
781 3303 882 3365 diebus
904 3311 1040 3363 extenua·

49 3387 128 3450 bitur
151 3392 227 3451 fame
251 3407 374 3469 corpus:
400 3393 435 3453 ab
450 3392 600 3452 undecimo
622 3407 693 3450 vero
710 3388 748 3448 ali
767 3389 899 3467 incipiet;
916 3386 1040 3462 ideoque

50 3475 138 3536 etiam
153 3473 264 3555 laxior,
282 3478 486 3558 quamprimo,
510 3475 602 3539 fascia
620 3472 875 3553 circumligabitur.
906 3469 1041 3545 Fereque
