2392 3906
408 203 685 252 mmmm
1004 191 1043 252 83

25 359 211 421 subveniat.
229 358 288 419 Sed
302 359 326 418 is
339 357 400 419 dari
416 357 513 435 debet,
529 359 554 418 si
570 358 730 437 quotidiana
745 358 835 418 lebris
850 369 904 436 est,
920 377 993 436 quae
1008 377 1046 418 ex

27 453 104 504 toto
119 441 251 519 desinat,
267 443 435 521 simulatque
448 459 554 521 corpus
566 443 707 518 integrum
719 442 893 503 factumest:
912 445 936 502 si
950 461 1045 520 quam·

28 531 83 586 vis
102 543 166 586 non
182 527 379 602 accessiones,
396 525 494 585 febres
511 535 604 586 tamen
616 528 786 603 junguntur,
803 536 832 586 et
845 527 971 606 quotidie
984 529 1045 605 qui·

30 611 109 670 dem
126 610 310 687 increscunt,
331 609 383 669 sed
404 611 466 669 sine
482 611 646 686 integritate
661 619 755 669 tamen
776 613 938 686 remittunt,
961 615 1046 690 quum

7 711 155 772 scorpus
176 695 216 753 ita
236 712 269 753 se
290 693 393 769 babet,
414 700 444 752 ut
463 695 556 769 major
576 695 708 752 remissio
724 711 780 752 non
796 703 998 772 exspectetur:
1022 696 1046 753 si

30 779 139 838 altero
156 777 204 836 die
215 779 345 854 gravior,
363 777 455 837 altero
467 777 561 837 levior
572 780 705 838 accessio
721 786 775 852 εει,
792 778 859 856 pos't
870 779 1045 854 graviorem.

30 863 118 922 Fere
135 879 210 920 vero
226 863 392 938 graviorem
407 863 608 922 accessionem
629 861 722 920 levior
743 878 802 920 nox
823 863 966 939 sequitur:
990 877 1047 939 quo

32 948 86 1021 lit,
109 953 143 1004 ut
162 947 330 1021 graviorem
350 947 548 1006 accessionem
565 962 625 1004 non
640 962 754 1024 quoque
769 947 878 1005 tristior
898 945 1048 1006 antecedat

37 1029 102 1110 (ei.
120 1026 201 1106 Aplt.
218 1027 254 1105 ll,
273 1027 340 1106 13).
372 1029 448 1089 At‘si
463 1032 643 1090 continuatur
657 1028 758 1104 febris,
775 1047 869 1107 neque
883 1029 978 1088 levior
990 1046 1047 1088 unr-

16 1130 135 1192 uqnam
148 1113 186 1188 lit,
203 1111 233 1171 et
249 1112 308 1173 dari
325 1112 418 1173 cibum
431 1131 556 1174 neeesse
572 1120 631 1190 est,
649 1112 761 1190 quando
779 1113 840 1172 dari
856 1110 975 1189 debeat,
991 1130 1047 1172 ma·

43 1215 106 1275 gna
129 1195 273 1256 dissensio
294 1206 348 1256 εει.
378 1196 513 1275 Quidam,
542 1199 607 1277 quia
627 1197 690 1256 lere
717 1199 864 1256 remissius
886 1198 1048 1256 matutinum

41 1291 162 1358 tempus
179 1281 278 1356 aegris
294 1291 357 1357 est,
374 1291 441 1342 tunc
458 1291 557 1360 putant
571 1279 703 1342 dandum.
737 1281 822 1355 Quod
839 1282 863 1340 si
878 1279 1048 1358 respondet,

38 1381 102 1424 non
126 1365 194 1442 quia
210 1381 293 1424 mane
317 1374 375 1442 εει,
399 1365 452 1425 sed
473 1367 538 1444 quia
561 1366 694 1424 remissio
716 1373 775 1441 est,
806 1364 866 1425 dari
889 1364 987 1425 debet.
1019 1364 1048 1422 Si

37 1465 118 1507 vero
136 1465 174 1506 ne
189 1456 257 1507 tunc
274 1448 388 1526 quidem
403 1449 462 1508 ulla
477 1451 594 1527 requies
609 1451 706 1525 aegris
722 1458 780 1524 est,
802 1448 859 1508 hoo
880 1449 944 1526 ipso
966 1449 1049 1525 pejus
1149 1477 1152 1484 =

4 1532 72 1590 said
92 1541 213 1610 tempus
235 1539 295 1607 est,
323 1531 399 1611 quod
421 1550 505 1610 quum
527 1551 575 1592 sua
596 1542 695 1592 natura
718 1533 818 1591 melius
840 1549 907 1595 esse
933 1529 1049 1604 debeat,

43 1614 142 1674 morbi
159 1616 245 1690 vitio,
260 1623 390 1678 nonest:
407 1617 547 1693 simulque
559 1616 717 1693 insequitur
728 1625 840 1693 tempus
853 1616 1049 1687 meridianum,

43 1716 137 1776 aquo
162 1716 247 1776 quum
269 1700 361 1758 omnis
384 1717 473 1776 aeger
487 1700 550 1759 lere
566 1699 651 1778 pejor
672 1699 734 1776 liat,
759 1701 853 1759 timeri
874 1706 989 1778 potest,
1013 1717 1050 1757 ue

39 1783 94 1842 ille
117 1782 217 1857 magis
237 1784 337 1859 etiam,
366 1800 449 1861 quam
471 1801 508 1842 ex
530 1782 752 1860 cousuetudine,
778 1793 925 1861 urgeatur.
957 1782 1050 1859 Igitur
1120 1805 1125 1820 =

39 1865 94 1928 alii
116 1883 250 1944 vespere
271 1866 321 1926 tali
341 1885 432 1944 aegro
454 1866 547 1926 cibum
568 1866 644 1948 dant.
676 1867 733 1948 Sed
755 1884 839 1947 quum
859 1884 896 1926 eo
917 1876 1049 1944 tempore

4 1967 31 2008 to
42 1951 110 2010 iere
128 1949 252 2028 pessimi
268 1951 337 2027 sint,
361 1953 408 2030 qui
425 1960 593 2028 aegrotant,
613 1951 770 2010 verendum
786 1961 847 2026 est,
869 1969 920 2026 ne,
942 1949 1053 2026 siquid

39 2045 113 2094 tunc
134 2034 328 2110 moverimus,
351 2034 398 2093 liat
418 2035 524 2112 aliquid
541 2036 682 2112 asperius.
712 2035 756 2094 Ob
775 2035 854 2094 liaeo
871 2035 906 2094 ad
927 2033 1050 2092 mediam

40 2126 164 2178 noctem
182 2117 322 2185 decurr0;
340 2117 369 2176 id
386 2127 444 2193 εει,
467 2119 546 2177 finito
561 2119 622 2192 J‘am
644 2119 815 2193 gravissimo
837 2127 984 2195 ternpore,
999 2132 1049 2174 eo-

42 2203 174 2278 demque
189 2199 359 2276 longissime
375 2201 512 2260 distante:
536 2203 699 2279 sequuturis
715 2219 787 2260 vero
803 2200 979 2260 antelucanis
998 2199 1048 2256 lno-

4 2289 5 2292 ’
42 2288 107 2360 ris,
130 2283 235 2362 quibus
258 2300 359 2344 omnes
380 2285 443 2344 iere
467 2285 589 2344 maxime
610 2283 765 2350 dormiunt;
787 2282 891 2343 deinde
913 2285 1049 2342 matutino

10 2377 201 2445 ustempore,
224 2367 303 2446 quod
323 2377 421 2428 natura
446 2386 496 2427 sua
516 2367 693 2428 levissimum
714 2375 768 2426 est.
804 2367 835 2426 Si
858 2384 929 2426 vero
950 2366 1052 2424 lebres

51 2469 146 2528 vagae
161 2460 243 2527 sunt,
268 2453 334 2529 quia
349 2451 505 2511 verendum
519 2461 579 2526 est,
602 2468 640 2509 ne
655 2449 749 2509 eibum
764 2451 857 2509 statim
872 2449 1054 2526 subsequun-

48 2545 107 2611 tur,
125 2535 363 2614 quandocumque
377 2537 440 2613 quis
456 2553 493 2594 ex
511 2535 682 2594 accessione
710 2534 822 2594 levatus
839 2543 899 2610 εει,
919 2543 985 2592 tuuc
1007 2530 1054 2592 de·

45 2621 100 2680 bet
123 2637 283 2679 assumere.
312 2619 350 2678 At
371 2620 395 2677 si
414 2619 514 2698 plures
534 2619 720 2678 accessiones
740 2618 842 2677 eodem
858 2617 903 2676 die
926 2619 1053 2690 veniunt,

47 2703 239 2764 considerare
256 2711 389 2781 oportet,
423 2721 547 2783 paresne
560 2721 612 2781 per
630 2702 724 2762 omnia
740 2703 810 2778 sint,
827 2701 905 2779 quod
921 2703 970 2759 vix
987 2702 1052 2759 fieri
1089 2709 1090 2712 ’

12 2807 38 2850 ac
48 2797 158 2870 potest,
174 2804 210 2846 an
225 2786 361 2864 impares.
391 2787 421 2845 Si
438 2805 492 2865 per
510 2787 601 2845 omnia
614 2803 700 2865 pares
712 2795 786 2861 sunt,
800 2795 866 2863 post
879 2802 941 2845 eam
954 2785 1052 2860 potius

47 2871 252 2934 accessionem
275 2869 356 2929 cibus
378 2870 436 2930 dari
459 2869 561 2947 debet,
584 2887 657 2947 quae
679 2887 737 2928 uon
755 2871 830 2928 iuter
853 2867 1000 2927 meridiem
1022 2871 1052 2923 et

47 2971 207 3033 vesperem
229 2953 348 3013 desinit:
372 2956 396 3013 si
418 2955 543 3034 impares
559 2961 637 3028 sunt,
654 2951 893 3012 considerandum
908 2959 969 3026 εει,
993 2967 1049 3029 quo

49 3042 168 3101 distent.
201 3035 274 3098 Nam
294 3039 318 3096 si
344 3037 435 3097 altera
449 3039 581 3114 gravior,
603 3037 694 3096 altera
709 3036 804 3095 levior
819 3045 879 3112 εει,
903 3042 970 3114 post
985 3052 1050 3111 gra·

15 3159 17 3196 ;
49 3127 165 3184 aierem
187 3121 248 3180 dari
270 3119 372 3180 debet:
403 3121 428 3180 si
451 3121 541 3180 altera
562 3121 693 3196 longior,
717 3119 808 3179 altera
830 3119 963 3193 brevior,
984 3127 1051 3196 post

51 3208 234 3284 longiorem:
249 3207 272 3263 si
290 3206 379 3264 altera
395 3205 522 3280 gravior,
550 3204 640 3264 altera
655 3203 772 3278 longior
787 3212 848 3278 εει,
866 3201 1050 3262 consideran·

54 3293 118 3352 dum
134 3299 181 3350 est
195 3297 259 3348 utra
273 3289 364 3366 magis
379 3288 497 3364 ailligat,
516 3287 564 3346 illa
580 3289 624 3362 vi,
639 3304 675 3345 an
689 3286 762 3345 haec
777 3296 921 3365 tempore:
939 3297 968 3346 et
984 3293 1051 3364 post

54 3393 117 3435 eam
131 3373 243 3434 dandus
261 3383 319 3441 est;
344 3371 395 3431 sed
416 3372 500 3450 plane
518 3372 666 3449 plurimum
686 3372 821 3446 interest,
845 3381 966 3448 quantae
982 3385 1049 3445 qua·

56 3459 158 3539 lesque
169 3458 245 3517 inter
258 3475 306 3518 eas
318 3457 503 3526 remissiones
516 3456 580 3516 sint.
609 3453 680 3514 Nam
696 3455 720 3514 si
732 3464 798 3532 post
809 3455 927 3597 altqram
939 3453 1050 3512 febrem

882 3538 898 3573 ἃ
