2444 3904
435 191 514 240 nro.
526 192 550 239 1.
568 191 641 242 oon.
654 193 704 240 rrr.
809 252 811 255 ¹
1035 182 1073 244 17

77 351 137 420 tet,
157 343 236 422 quod
248 363 284 404 ex
299 343 400 406 labore
416 347 526 406 sudanti
539 347 644 424 frigida
658 349 737 425 potio
753 344 997 426 perniciosissima
1014 356 1072 417 est:

76 429 280 505 atque=etiam,
299 447 382 506 quum
397 430 484 490 sudor
506 449 538 490 se
555 432 680 506 remisit,
697 433 795 492 itinere
813 433 938 509 fatigatis
956 432 1071 492 inutilis.

76 511 235 572 Abalueo
250 531 364 590 quoque
380 514 559 574 venientibus
581 513 773 593 Asclepiades
795 517 921 576 inutilem
945 535 1006 578 eum
1028 518 1072 590 ju·

77 596 202 656 dicavit:
222 596 298 674 quod
316 599 343 656 iu
362 598 397 656 iis
415 616 514 674 verum
528 608 582 674 est,
595 599 696 676 quibus
712 598 792 658 alvos
810 599 912 676 facile,
930 619 985 658 nee
1001 608 1071 676 tuto,

56 681 255 755 tresolvitur,
272 681 377 757 quique
391 680 477 741 facile
491 682 702 748 inhorrescunt:
720 691 889 761 perpetuum
900 687 928 742 in
943 683 1072 742 omnihus

74 774 217 840 nonest,
240 783 325 841 quum
344 766 439 842 potius
460 766 588 826 naturale
612 769 657 843 sit,
681 767 797 844 potione
822 776 997 826 aestuantem
1015 777 1071 826 sto·

73 848 210 908 maehum
227 848 404 924 refrigerari.
438 849 520 924 Quod
533 851 570 909 ita
583 851 748 928 praecipio,
766 859 795 909 ut
810 859 903 910 tamen
915 850 1022 926 fatear,
1036 868 1072 909 ne

75 953 117 992 ex
131 933 188 994 han
204 932 319 1010 quidem
335 950 424 997 nausa
438 934 547 994 sudanti
564 932 655 994 adhue
674 933 807 1010 frigidum
824 933 975 994 bibendum
994 951 1071 994 esse.
1151 998 1155 1010 ¹

78 1017 166 1076 Solet
180 1019 264 1076 etium
283 1015 434 1094 prodesse,
453 1025 519 1095 post
534 1019 641 1076 varium
658 1017 767 1094 eibum,
789 1017 1013 1096 frequentesque
1031 1018 1071 1076 di-

47 1101 159 1160 toiutas
174 1101 323 1178 potiones,
339 1104 478 1177 vomitus,
494 1110 523 1160 et
542 1110 661 1180 postero
680 1101 725 1161 die
746 1102 833 1178 longa
851 1103 948 1180 quies,
969 1102 1071 1160 deinde

82 1183 192 1243 modion
207 1185 388 1244 ereroitatio.
420 1187 450 1244 st
464 1185 578 1245 assidua
593 1185 724 1262 fatigatio
740 1194 835 1262 urget,
851 1188 973 1244 invicem
986 1186 1071 1246 modo

79 1285 169 1346 aqua,
191 1268 278 1327 modo
299 1269 392 1328 vinum
408 1269 561 1328 bibendum
577 1277 637 1345 est,
661 1287 784 1347 raroque
806 1268 911 1330 balneo
928 1270 1071 1330 utendum.

74 1353 226 1430 Leuatque
240 1352 436 1412 lassitudinem
452 1356 537 1413 etiarn
551 1352 660 1413 laboris
677 1355 809 1413 mutatio:
833 1372 969 1431 eumque,
989 1371 1073 1432 quem

75 1454 184 1495 novum
203 1453 296 1512 geuus
319 1435 427 1496 laboris
444 1438 565 1514 pressit,
590 1436 632 1511 id,
658 1435 735 1515 quod
750 1439 778 1496 in
793 1437 999 1498 eonsuetudine
1017 1447 1071 1510 est,

43 1532 67 1571 ¹⁵
76 1520 181 1580 reiicit.
213 1520 345 1596 Fatigato
362 1521 554 1598 quotidianum
567 1520 661 1581 nubile
674 1523 841 1580 tutissimum
854 1531 912 1582 est:
928 1522 1072 1580 insolitum

79 1613 181 1662 oontra
197 1603 297 1663 iussat.
329 1604 413 1679 Quod
428 1605 502 1664 enirn
519 1614 618 1664 eontra
637 1605 870 1666 consuetudinem
891 1614 953 1682 est,
975 1613 1072 1680 nonet,

76 1706 129 1746 seu
141 1687 249 1760 molle,
265 1705 317 1746 seu
335 1687 433 1748 durum
447 1697 492 1747 est
514 1688 575 1767 (of
587 1688 674 1766 Hipp.
695 1686 769 1750 Vtct.
790 1695 850 1748 rut.
865 1696 946 1749 nont.
967 1690 988 1764 §
1007 1688 1071 1764 12).

137 1771 262 1850 Proprie
278 1772 414 1848 quaedum
432 1771 466 1832 ad
481 1790 545 1832 eum
562 1775 713 1850 pertinent,
730 1775 777 1850 qui
789 1773 958 1832 smbuiaudo
970 1773 1072 1848 fatiga-

73 1865 129 1914 tur.
157 1854 241 1914 Hune
258 1855 351 1915 redoit
366 1857 470 1934 inipso
483 1858 712 1937 quoqueitinere
726 1857 862 1935 frequens
875 1857 987 1925 fricti0;
1007 1863 1073 1935 post

41 1957 66 1996 no
76 1943 141 2015 iter,
160 1941 281 2017 primum
296 1940 398 2016 sedile,
415 1939 518 1999 deinde
534 1941 643 2001 unetio:
659 1950 717 2000 tum
733 1940 823 2000 ualida
841 1959 915 2019 aqua
929 1943 957 1999 in
968 1940 1072 2000 balneo

73 2026 171 2099 magis
192 2023 346 2083 inferiores
368 2033 480 2101 partes,
504 2041 587 2101 quarn
610 2027 777 2102 superiores
800 2025 910 2085 foveat.
948 2026 979 2084 Si
1007 2024 1072 2100 quis

73 2110 149 2166 verd
166 2115 285 2166 exustus
302 2109 329 2166 in
345 2107 485 2182 soieest,
505 2106 571 2166 huie
594 2110 622 2166 iu
645 2107 778 2167 bulneum
796 2104 925 2186 pretioue
941 2107 1072 2182 eundum,

74 2189 362 2270 perfundendumque
384 2191 451 2250 oleo
474 2207 580 2269 eorpus
605 2200 633 2250 et
658 2200 759 2269 eaput;
791 2190 893 2250 deinde
919 2193 946 2250 in
971 2191 1072 2250 solium

74 2275 151 2333 bene
169 2273 291 2334 calidum
310 2272 541 2334 descendendum
559 2284 617 2341 est;
639 2283 695 2334 tum
709 2274 795 2334 multa
815 2293 889 2352 aqua
910 2292 963 2352 per
987 2282 1073 2351 eaput

44 2358 261 2434 suinfurdenda,
279 2359 356 2436 prius
372 2357 475 2433 calida,
492 2357 595 2417 deinde
610 2357 723 2434 frigida.
756 2358 847 2434 Atei,
867 2360 914 2435 qui
931 2357 1072 2434 perfrixit,
1115 2371 1117 2376 ·

82 2459 155 2520 opus
173 2451 218 2502 est
241 2443 270 2500 in
290 2441 395 2502 balneo
417 2442 536 2520 primurn
557 2442 685 2501 involuto
710 2441 828 2517 sedere,
851 2441 945 2500 donee
961 2439 1074 2498 insudet

77 2525 134 2605 (of.
151 2521 217 2605 cap.
234 2527 254 2585 4
271 2535 300 2585 et
316 2526 352 2602 li,
369 2526 438 2602 17);
454 2534 512 2584 tum
526 2527 611 2602 ungi;
628 2525 730 2586 deinde
747 2526 852 2587 lavari:
871 2525 963 2584 cibum
982 2523 1072 2584 modi-

75 2627 150 2685 euna,
171 2610 306 2687 potiones
320 2627 450 2670 meracas
464 2627 622 2670 assumere.
655 2609 684 2669 ls
699 2627 770 2669 vero
792 2611 839 2687 qui
859 2610 1022 2686 navigavit,
1045 2617 1073 2667 et

72 2711 184 2754 nausea
200 2711 319 2771 pressus
338 2702 393 2769 est,
410 2695 435 2752 si
450 2693 564 2754 multam
581 2693 669 2753 bilem
695 2696 834 2769 evomuit,
856 2694 905 2752 vel
927 2693 1072 2752 abstinere

38 2795 89 2837 eoa
106 2777 174 2836 oibo
191 2776 296 2854 debet,
322 2776 370 2837 vel
385 2777 498 2856 paulum
513 2778 620 2856 aliquid
637 2796 797 2846 assumere;
823 2778 847 2836 si
868 2779 993 2856 pituitam
1015 2777 1072 2835 aoi-

70 2861 143 2942 dam¹
155 2860 269 2938 effudit,
283 2863 382 2938 utique
398 2879 511 2920 sumere
527 2863 636 2936 eibum,
661 2863 711 2921 sed
731 2870 848 2922 assueto
868 2861 1025 2929 leviorem;
1048 2860 1072 2918 si

70 2947 137 3004 sine
152 2947 260 3005 vomitu
281 2963 387 3006 nausea
403 2945 469 3019 fuit,
492 2944 539 3003 vel
562 2945 723 3021 abstinere,
744 2946 791 3005 vel
816 2954 883 3022 post
904 2944 996 3002 eibum
1021 2961 1075 3010 voa

69 3047 169 3088 ruere·
201 3030 256 3104 Qui
272 3047 343 3088 vero
361 3037 422 3088 toto
437 3029 493 3104 die,
510 3029 557 3088 vel
575 3031 602 3088 in
619 3029 769 3104 vehioulo,
787 3029 834 3086 vel
852 3029 880 3086 in
896 3027 1072 3106 spectaculis
1169 3057 1173 3068 ·

72 3113 162 3188 sedit,
180 3113 248 3188 huie
263 3113 331 3172 nihil
348 3111 527 3185 currendum,
546 3113 599 3172 sed
613 3113 690 3172 leute
706 3111 903 3172 ambulandum
920 3121 979 3170 est:
995 3112 1073 3170 lenta

39 3215 195 3274 aequoque
211 3199 239 3257 in
254 3195 360 3258 balneo
376 3213 464 3272 mora,
481 3196 546 3256 dein
564 3215 656 3256 ooena
671 3198 775 3273 exigua
793 3195 936 3274 prodesse
951 3212 1071 3254 eonsue-

72 3290 190 3340 verunt.
221 3282 253 3340 Si
268 3282 332 3358 quis
346 3282 374 3338 in
386 3278 491 3339 balneo
504 3289 622 3356 aestuat,
641 3281 734 3340 reficit
748 3279 823 3340 huno
839 3297 890 3338 ore
907 3288 1071 3357 exceptum,

72 3374 103 3423 et
117 3366 147 3423 in
164 3382 202 3424 eo
216 3372 354 3424 retentum
371 3373 501 3424 acetum:
519 3365 542 3422 si
557 3363 585 3423 id
599 3382 656 3424 uon
674 3373 736 3442 est,
753 3364 855 3429 eodem
870 3363 955 3423 modo
968 3361 1071 3438 frigida

71 3465 148 3526 aqua
164 3456 300 3508 assumta.

123 3551 221 3592 census
236 3553 255 3589 r.
901 3527 919 3588 2
