2384 3896
146 181 203 241 170
434 193 469 239 a.
481 190 514 241 wc.
531 191 630 241 usust
645 189 839 240 sumemus

142 340 320 427 φύγεθλον
341 345 443 406 Graeci
465 354 587 421 vocant,
611 353 641 404 et
662 359 747 405 omne
771 343 969 417 tuberculum,
994 343 1138 403 miscetur

143 431 247 506 ochra,
264 446 337 508 qnae
352 429 449 488 Attice
466 429 640 503 nominatur,
658 446 722 487 eum
738 428 847 488 duabus
863 427 992 506 partibus
1011 427 1138 502 similae,

143 515 261 592 hisque,
274 513 351 572 *dum
373 513 596 588 contunduntur,
625 511 746 572 subinde
766 511 822 572 mel
842 511 1014 588 instillatur,
1040 511 1140 570 donec

96 587 109 600 “
143 598 320 673 malagmatis
339 595 499 656 crassitudo
515 597 561 656 sit.
889 635 900 642 -
1187 612 1188 682 l

74 737 79 746 .
205 681 257 742 20.
288 680 410 740 Discutit
435 681 520 740 etiam
548 695 632 738 omne
659 677 854 754 taberculum,
883 677 911 737 id
936 676 1018 756 quod
1049 675 1156 735 habeta

144 764 248 840 calcis,
269 765 334 824 nitri
354 781 486 840 spumae,
510 763 621 841 piperis
637 762 768 838 rotundi,
786 759 968 838 singulorum
989 780 1022 840 p.
1038 760 1102 838 )·(.
1119 772 1139 817 1.

141 848 260 925 galbani
283 865 311 925 p.
324 846 380 925 )·(.
397 859 435 907 11.
458 845 527 907 salis
548 864 576 925 p.
595 845 713 925 )·(.1y.
736 862 811 924 quae
833 846 1021 923 excipiuntur
1037 851 1141 904 cerato
1187 883 1188 902 .

143 947 263 992 exrosa
280 929 368 990 lacto.
1187 946 1189 986 t

205 1015 255 1075 21.
286 1012 501 1092 Supprimitque
520 1029 620 1088 omne,
641 1011 717 1090 quod
738 1011 886 1088 abscedit,
912 1011 940 1070 id
961 1011 990 1070 in
1017 1028 1082 1088 quo
1098 1017 1143 1069 est

142 1097 274 1174 galbani,
293 1095 378 1156 labae
394 1096 508 1172 iresae,
530 1095 707 1173 singulorum
723 1113 751 1173 p.
769 1094 824 1173 )·(.
841 1109 863 1154 1.
879 1094 1035 1170 myrrhae,
1060 1095 1143 1166 turis,
1153 1121 1169 1162 u

144 1199 182 1240 ex
196 1178 294 1240 radice
310 1181 444 1257 capparis
460 1181 593 1256 corticis,
610 1178 789 1255 singulorum
807 1195 834 1256 p.
853 1181 909 1256 )·(.
926 1190 972 1237 tv.
996 1179 1144 1255 Satisque
1188 1187 1189 1258 l

143 1263 236 1322 omnia
254 1261 437 1322 abscedentia
451 1262 556 1339 digerit
568 1280 668 1323 murex
684 1260 866 1338 combustus,
890 1271 920 1322 et
934 1260 1013 1321 bene
1032 1261 1144 1322 contri·
1187 1267 1190 1376 q

143 1356 204 1422 tus,
218 1355 304 1406 aceto
320 1345 441 1407 subinde
457 1347 583 1421 adJecto.
1189 1383 1190 1404 r

204 1430 253 1493 22.
276 1431 293 1466 *
301 1429 339 1488 At
352 1431 378 1490 si
392 1431 462 1490 satis
478 1430 595 1506 sanguis
608 1427 698 1506 subit,
712 1438 793 1490 reete
806 1429 977 1507 imponitur,
994 1427 1084 1504 quud
1096 1427 1145 1486 ad-

75 1516 77 1520 ’
143 1532 244 1574 versus
260 1513 392 1592 phymata
407 1531 522 1592 qnoque
538 1521 643 1591 potest.
676 1512 795 1572 Constat
809 1530 846 1572 ex
862 1512 923 1571 his:
942 1510 1066 1588 bdellii,
1086 1520 1171 1586 ely-u
1188 1511 1190 1582 l

143 1599 233 1673 racis,
263 1597 445 1672 ammoniaci,
472 1595 606 1674 galbani,
638 1599 753 1659 resinae
776 1604 804 1656 et
826 1595 926 1655 aridae
951 1603 980 1654 et
1004 1593 1145 1673 liquidae
1189 1605 1191 1704 q

143 1683 262 1760 pineae,
282 1681 348 1738 item
364 1699 401 1739 ex
414 1680 554 1758 lentisco,
571 1679 656 1756 tuiis,
672 1678 957 1756 iridis,singulorum
973 1697 1002 1756 p.
1023 1679 1092 1757 )·(.
1109 1691 1144 1737 Π.
1190 1707 1191 1737 r

203 1761 253 1823 23.
292 1754 491 1841 Kaputbnidry
513 1781 585 1823 vero
617 1763 767 1826 commode
800 1763 843 1822 his
875 1763 1039 1822 leniuntur:
1083 1762 1145 1838 gal·
1190 1742 1191 1804 h

144 1847 225 1920 barri,
255 1847 336 1921 visci,
361 1845 540 1924 ammoniaci,
565 1849 679 1908 resinae
700 1846 925 1922 terebinthinae,
952 1845 1145 1922 singulorum

97 2000 104 2008 .
144 1950 172 2009 p.
189 1929 243 2008 )·(.
260 1942 282 1988 1.
304 1930 366 1990 sevi
386 1931 486 1990 taurini
508 1950 537 2009 p.
554 1950 577 1991 s.
601 1931 692 1991 laecis
717 1929 885 1991 combustae
905 1947 989 2007 quam
1009 1933 1171 1988 maximas

144 2014 294 2092 portione,
324 2012 387 2073 dum
407 2014 436 2074 id
459 2015 565 2074 siccius
588 2032 646 2074 non
668 2013 770 2090 laciat,
794 2031 878 2092 quam
899 2030 966 2072 csse
988 2013 1145 2092 malagma

143 2104 270 2176 oportet.

205 2179 255 2240 24.
282 2178 366 2254 Quod
388 2179 411 2240 si
433 2179 509 2240 lacis
533 2190 652 2241 contusa
673 2179 749 2240 liuor
768 2179 957 2242 subcruentus
977 2188 1041 2258 est,
1069 2180 1145 2241 haec

143 2265 315 2342 compositio
338 2273 423 2324 noete
439 2273 468 2323 et
482 2264 528 2325 die
546 2266 675 2344 imposita
692 2265 775 2324 tollit.
810 2262 1054 2338 Aristolochiae,
1081 2265 1145 2324 tha·

142 2349 240 2428 psiae,
267 2346 443 2427 singulorum
465 2367 493 2427 p.
514 2348 571 2428 )·(.
592 2361 628 2406 11.
651 2346 767 2425 bdellii,
794 2348 933 2422 styracis,
960 2347 1171 2416 ammoniaci„

141 2431 345 2505 thymiamatis,
362 2429 493 2508 galbani,
510 2432 623 2491 resinae
636 2431 750 2507 aridae,
770 2441 798 2492 et
810 2450 848 2490 ex
860 2431 982 2492 lentisco
995 2430 1145 2508 liquidae,

142 2515 211 2573 turis
227 2512 359 2590 masculi,
381 2513 458 2573 iridis
473 2513 620 2589 illyricae,
646 2532 750 2592 cerae,
771 2515 949 2593 singulorum
963 2529 993 2592 p.
1009 2513 1078 2593 )·(.
1098 2527 1144 2575 1v.

141 2594 221 2655 ldem
240 2594 307 2656 laba
321 2613 437 2674 qnoque
455 2598 589 2677 imposita
606 2597 729 2676 proficit.

41 2743 45 2751 Ι
205 2677 254 2736 25.
290 2679 361 2739 Sunt
381 2683 464 2739 etiam
488 2681 628 2759 quaedam
640 2682 827 2758 malagmata,
851 2670 1144 2761 quaedcaovopcs

141 2753 215 2822 τικᾶ
230 2759 333 2822 Graeci
349 2772 453 2822 uocant
469 2763 546 2841 (Gal.
561 2763 641 2825 heu.
658 2764 758 2844 simpl.
774 2766 809 2840 V,
827 2767 893 2845 14),
910 2765 1048 2844 quoniam
1068 2783 1172 2843 ape-a

141 2845 233 2906 riendi
250 2846 306 2905 vim
321 2845 436 2907 habent.
473 2848 565 2923 Quale
583 2859 642 2926 est,
663 2849 739 2928 quod
756 2865 793 2908 ex
807 2845 851 2908 his
869 2857 996 2909 constat:
1019 2845 1144 2926 piperis

141 2930 222 3007 longi
229 2975 238 3007 ,
255 2947 372 3009 spumae
387 2932 471 3008 uitri,
490 2933 667 3009 singulorum
683 2950 710 3011 p.
725 2934 780 3010 )·(.
791 2943 826 2992 11.
842 2933 958 3006 erysimi
973 2949 1001 3009 p.
1015 2929 1081 3008 )·(.
1094 2943 1142 2991 Ν.

142 3021 295 3091 quaecum
310 3013 397 3074 melle
411 3015 581 3075 miscentur.
618 3013 785 3094 Idoneaque
807 3017 891 3076 etiam
914 3024 1038 3074 strumae
1066 3028 1142 3094 ape·-

140 3095 259 3155 riendae
285 3104 357 3155 sunt.
396 3095 467 3172 Ejus
487 3099 622 3175 generis,
644 3098 899 3176 vehementiusque
915 3117 952 3158 ex
968 3098 1011 3158 his
1026 3107 1081 3157 est
1100 3097 1141 3173 id,

93 3236 97 3241 .
141 3178 218 3256 quod
235 3177 322 3238 habet
337 3179 425 3239 caleis
440 3197 468 3258 p.
485 3182 541 3259 )·(.
556 3193 601 3240 lv.
619 3184 729 3260 piperis
744 3198 834 3258 grana
850 3199 918 3258 sex,
934 3182 1013 3257 nitri,
1030 3198 1171 3258 cerame

142 3261 318 3339 singulorum
335 3280 364 3339 p.
380 3263 435 3341 )·(.
452 3277 485 3322 x.
503 3263 596 3323 mellis
611 3282 640 3343 p.
657 3283 682 3324 a.
700 3265 758 3324 olei
772 3264 923 3324 heminam.

204 3344 254 3405 26.
282 3344 402 3403 Niconis
421 3362 537 3424 quoque
558 3347 700 3424 estquod
721 3349 860 3423 resolvit,
884 3351 991 3428 aperit,
1013 3359 1140 3426 purgat.

141 3427 235 3490 llabet
250 3425 429 3504 alcyouinm,
452 3427 586 3507 sulphur,
607 3432 725 3506 nitrum,
747 3433 904 3510 pumicem,
928 3430 1045 3510 paribus
1067 3450 1141 3512 por·
