2372 3892
128 157 192 224 300
426 171 508 231 no.
525 170 625 222 cuum
640 168 835 220 notumne

89 397 95 412 Ι
129 328 199 397 dac,
222 343 316 406 neque
329 328 449 406 parteis,
462 345 498 388 ne
512 343 612 406 parom
624 325 814 404 glutinentur,
835 334 865 386 et
879 325 1005 403 longior
1022 324 1074 384 ilat
1085 341 1128 384 cc

128 412 220 478 ratio;
242 429 337 488 ueqtta
349 411 458 487 moltis,
481 429 518 470 ne
535 411 785 470 inflammationem
799 419 934 486 augeant.
966 409 1070 488 Atque
1086 407 1130 468 lric

128 511 244 574 quoque
260 494 411 555 videndum
428 503 490 569 est,
519 512 556 554 ue
578 494 646 574 quid
663 496 691 553 in
706 503 804 553 scroto
821 494 971 570 sanguinis
994 500 1129 552 maneat:

129 586 187 638 tun
208 579 380 656 imponenda
402 577 571 654 glutinantia
592 586 666 640 sunt.
698 579 729 638 Sl
751 577 864 656 quando
887 585 984 636 autem
1005 579 1038 634 in
1053 591 1129 634 scro-

129 671 187 723 tum
201 663 320 738 sanguis
335 661 469 738 defluxit,
484 660 628 741 aliquidve
644 670 809 722 concretum
825 679 863 742 εκ,
878 677 914 720 eo
933 660 1068 735 decidit,
1091 660 1145 717 ima

130 746 186 824 oilli
203 745 301 806 subter
316 746 344 806 id
359 745 459 812 debat:
477 755 660 825 purgatoque
676 762 725 820 oo,
740 747 865 824 spongia¹
879 746 941 806 acri
963 752 1058 804 aceto
1075 761 1128 802 ιι-

129 830 216 906 dens,
246 829 425 888 circumdari.
452 827 615 905 Deligatum
636 838 730 888 autem
751 829 853 888 vulnus
871 846 959 888 omne
982 827 1068 906 quod
1095 843 1129 885 ex

128 914 173 974 lris
201 913 295 973 causis
317 914 502 988 factumest,
525 913 548 972 si
568 913 653 973 dolor
673 912 768 972 nullos
788 921 850 988 est,
875 913 1009 990 quinque
1034 911 1129 988 primis

129 995 232 1057 diebus
248 1014 305 1056 uon
321 1004 366 1056 est
381 995 603 1073 resolvendum,
621 995 674 1056 sed
692 995 736 1056 his
753 996 799 1056 die
815 1003 921 1055 tantum
944 1004 1038 1055 aceto
1061 996 1128 1052 irro-

128 1079 215 1140 randa
232 1079 311 1155 lana,
335 1080 383 1139 vel
400 1080 541 1158 spongia:
572 1081 596 1140 si
611 1080 696 1140 dolor
710 1089 769 1156 est,
794 1081 879 1138 tertio
901 1078 950 1138 die
973 1077 1150 1137 resolvero

129 1163 209 1230 dorm
232 1171 278 1236 ct,
298 1162 345 1220 ubl
363 1161 468 1223 fibulae
483 1173 565 1240 sunt,
582 1163 637 1223 hae
657 1163 840 1232 incidendam
864 1162 912 1221 uhi
928 1162 1128 1234 linamentum,

129 1246 158 1306 id
174 1243 334 1305 mutandum
358 1255 417 1315 est;
441 1265 565 1326 rosaque
588 1257 617 1307 et
638 1248 707 1307 vino
723 1245 972 1308 madefaciendum
987 1246 1038 1320 id,
1057 1245 1129 1324 quod

129 1328 293 1407 imponitur.
331 1329 361 1390 Si
383 1330 566 1391 inflammatio
584 1333 736 1407 increscit,
764 1329 955 1405 adjiciendum
980 1330 1128 1408 prioribus

130 1412 305 1492 cataplasma
321 1431 358 1474 ex
373 1412 509 1474 lenticula
526 1424 555 1474 et
566 1415 669 1484 melle;
689 1415 737 1474 vel
755 1433 793 1474 ex
807 1414 977 1489 malicorio,
1004 1415 1088 1492 qnod
1103 1418 1128 1472 iu

129 1505 245 1558 austero
265 1499 332 1556 vino
349 1506 464 1557 coctum
477 1499 529 1568 sit;
544 1493 592 1558 vel
608 1516 646 1558 ex
657 1499 703 1558 luis
716 1499 822 1558 mixtis.
849 1499 878 1557 Si
892 1497 944 1556 sub
958 1497 1005 1557 his
1020 1500 1150 1558 iollam-ts

128 1581 214 1641 matio
230 1597 286 1640 non
300 1582 511 1658 conquieverit,
525 1590 591 1658 post
605 1581 679 1642 diem
696 1583 820 1660 quintum
836 1581 922 1640 multa
939 1581 1041 1642 calida
1059 1599 1128 1660 aqua

129 1665 232 1725 vulnus
250 1663 420 1738 fovendum,
439 1663 532 1724 donec
543 1674 668 1725 scrotum
683 1668 776 1744 ipsum
791 1674 820 1724 et
832 1674 1017 1742 extenuetur,
1039 1676 1072 1725 et
1087 1685 1126 1724 ru·

128 1750 230 1825 gosics
246 1749 309 1808 liat:
335 1757 392 1806 tom
413 1748 614 1824 imponendum
636 1749 810 1826 cataplasma
832 1767 870 1808 ex
889 1750 1004 1808 triticea
1026 1751 1125 1824 farina,

130 1831 176 1890 coi
191 1831 286 1890 resina
302 1831 386 1908 pinea
402 1830 515 1906 adJecta
530 1833 583 1892 sit:
602 1849 676 1910 quae
692 1834 772 1910 ipsa,
797 1834 822 1891 si
837 1831 974 1893 robustus
1001 1843 1124 1908 curatur,

130 1930 168 1972 ex
183 1922 282 1982 aceto;
310 1915 333 1972 si
349 1923 447 1990 tener,
462 1933 499 1974 ex
514 1915 602 1974 melle
618 1917 768 1994 coquenda
786 1925 859 1976 sont.
888 1915 995 1994 Neque
1011 1917 1148 1977 dubiuma

130 2005 192 2073 est,
208 1996 408 2076 quodcumque
426 1999 520 2058 vitium
536 1998 604 2074 luit,
623 1999 647 2058 si
662 2017 766 2075 magna
782 1996 963 2059 inllar'nmatio
984 2010 1043 2078 est,
1062 2004 1123 2080 quin

130 2097 180 2156 ea,
203 2099 277 2159 qnae
294 2099 347 2158 pns
359 2089 489 2158 movent,
505 2082 676 2159 imponenda
695 2085 760 2142 sint.
795 2083 879 2158 Quod
899 2085 923 2142 si
943 2101 1000 2162 pos
1015 2087 1047 2144 in
1065 2089 1124 2164 ipso

129 2173 228 2224 scroto
240 2174 333 2225 ortam
353 2174 421 2242 est,
432 2166 545 2244 paulum
557 2166 584 2226 id
599 2166 685 2226 incidi
702 2166 799 2244 debet,
817 2177 846 2226 ot
867 2167 960 2226 exitus
975 2167 1079 2237 detrun
1097 2170 1123 2230 li-

129 2257 346 2327 numantiamque
372 2257 492 2308 eatenus
516 2250 718 2327 imponendum
739 2260 800 2325 est,
824 2259 855 2310 ut
880 2251 1014 2312 foramen
1033 2261 1122 2330 tegat.

128 2329 352 2392 Inflammatione
377 2333 469 2408 linita,
499 2341 620 2412 propter
640 2351 748 2394 nervos
773 2335 872 2413 priore
903 2334 1146 2412 cataplasmataa

129 2413 195 2474 dein
212 2424 312 2474 cerato
327 2415 460 2475 utendum
476 2425 529 2476 cst.
559 2416 639 2476 Haeo
656 2419 776 2495 proprie
793 2417 829 2476 ad
844 2418 986 2493 ejusmodi
1004 2421 1123 2482 vulnera

129 2498 286 2573 portinent:
306 2509 402 2558 cetera
418 2509 447 2576 et
462 2501 489 2558 iu
506 2502 671 2575 curatione,
686 2509 715 2560 et
728 2502 756 2559 ia
770 2503 865 2578 victu,
884 2501 986 2562 similia
1003 2504 1040 2563 iis
1059 2522 1122 2564 essa

129 2577 244 2656 debent,
259 2597 335 2657 quae
353 2583 381 2640 in
398 2582 455 2642 alio
471 2601 588 2662 quoque
605 2583 750 2647 vulnerum
764 2603 875 2662 genere
889 2589 1105 2665 praecepimus.

471 2747 653 2814 CAPUT
686 2755 771 2814 XX.

322 2860 359 2910 Da
374 2859 486 2910 intestini
501 2862 528 2910 in
544 2871 654 2914 scrotum
668 2865 778 2915 devoluti
791 2865 928 2915 curatione.
1124 2870 1143 2910 ll

190 2983 242 3056 Hi⁴s
256 2999 414 3076 propositis
429 2996 464 3058 ad
479 2997 607 3074 singulas
628 3000 745 3076 species
761 3000 1006 3060 veniendumest.
1035 3000 1117 3062 Acsi

130 3078 175 3135 cui
188 3081 309 3154 parvulo
326 3099 417 3158 puero
433 3083 593 3140 intestinum
608 3081 773 3161 descendit,
796 3093 861 3144 ante
878 3083 1052 3164 scalpellum
1072 3105 1116 3146 ex·

129 3161 265 3237 periendo
283 3164 411 3225 vinctura
426 3175 480 3226 est.
507 3165 609 3226 Fascia
626 3167 689 3240 ejus
704 3169 747 3226 rei
762 3185 848 3227 causa
861 3169 900 3244 fit,
919 3170 965 3227 cui
980 3169 1038 3228 imo
1053 3169 1115 3230 loco

129 3241 187 3321 pila
205 3253 300 3302 assota
318 3255 362 3304 est
381 3266 419 3306 ex
440 3248 599 3325 panniculis
614 3249 706 3325 lacta,
724 3268 798 3328 quae
813 3251 848 3310 ad
864 3252 1064 3330 repellendum
1078 3255 1115 3314 iu·

128 3326 261 3386 testitum
276 3326 331 3402 ipsi
346 3329 387 3386 illi
403 3330 565 3402 subjicitur:
585 3331 688 3392 deinde
705 3335 816 3411 reliqua
830 3335 941 3395 fasciae
955 3353 1025 3414 pars
1038 3345 1139 3398 arotett

130 3405 327 3466 circumdatur.
357 3409 415 3467 Sub
434 3426 493 3486 quo
508 3430 598 3491 saepe
613 3423 642 3474 et
657 3417 731 3476 intus
747 3418 930 3498 compellitur
943 3419 1112 3498 intestinum,
