2444 3904
348 232 553 282 antorsum
576 232 727 284 emulos.
990 238 1066 286 xvu

11 395 115 462 tcaput
134 395 279 463 temptant
282 389 301 422 “
328 391 364 446 ei.
380 390 438 448 Gal.
457 391 539 448 Allm.
558 392 658 465 facult.
679 363 761 463 119,
781 395 867 464 1.,111
888 411 917 467 p.
935 399 997 465 577,
1019 397 1066 454 ubi

11 465 131 531 leudem
152 475 251 530 iisdem
267 475 327 530 iere
344 476 439 532 verbis
453 477 590 545 leguntur.
624 478 740 548 Insuper
758 495 794 532 ex
811 479 946 534 varietate
967 479 1066 536 leutio-

11 555 69 615 ἶ1111
86 559 156 634 aad.
175 558 245 612 bled.
260 559 271 614 Ι
288 559 385 630 eolligi
402 565 495 630 potest
511 559 620 616 Celsum
635 560 800 631 scripsisse,
815 567 845 616 ut
862 563 950 618 voluit
965 563 1066 634 Targa,

10 629 56 696 *eb
74 658 177 698 veram
199 642 348 698 lectionem
370 643 547 713 depravatam
569 660 632 698 esse
658 659 693 698 ex
717 644 897 703 similitudine
918 647 1066 702 verborum

29 727 81 780 alla
95 730 126 780 et
141 726 212 780 olea.
298 731 342 794 24,
354 733 371 784 8
388 727 423 780 Al
436 728 462 780 si
475 728 567 782 lautus
579 728 731 782 intestinum
744 728 835 782 dolere
849 731 983 784 cousuevit
994 729 1067 800 quaa

31 809 119 864 colum
135 810 291 874 nominant,
308 810 408 878 Targa.
424 838 466 848 -—
482 810 573 865 Verba
589 810 663 880 quael
675 812 762 866 colum
779 813 920 865 nominant
936 818 1065 883 suspecta

33 891 164 948 ridentur
180 893 302 963 Targae:
325 892 407 963 idque
421 898 505 948 reete.
534 893 631 948 Celsus
644 894 716 950 euim
728 893 774 964 qui
790 895 902 965 saepius
918 890 969 966 (ei.
984 911 1066 966 prue-

34 975 127 1031 sertim
142 976 193 1046 1v,
210 984 240 1044 1,
257 977 304 1032 ubi
323 976 414 1045 agitur
429 976 465 1032 de
483 976 664 1034 interioribus
681 977 808 1048 eorporis
824 972 967 1049 partibus)
984 978 1064 1046 hujus

33 1059 157 1115 intestini
170 1059 301 1128 meminit,
313 1060 392 1115 latias
404 1065 450 1115 aut
459 1060 557 1123 laxius,
571 1064 753 1131 auterassiue,
767 1061 1066 1131 autpleuius,denique

8 1145 9 1166 .
36 1146 125 1214 majus
138 1140 184 1216 (p.
197 1149 241 1212 57,
252 1149 269 1200 4
282 1144 346 1198 ubi:
371 1143 444 1214 quael
459 1144 561 1200 Graeci
574 1131 662 1198 μόλον
678 1147 817 1200 nominaui
833 1144 978 1200 delendum
994 1160 1066 1200 nuno

34 1222 150 1300 causeo)
165 1227 194 1282 id
204 1233 285 1284 voest
291 1245 299 1292 ;
317 1242 449 1297 nusquam
459 1243 529 1284 vere
541 1223 581 1299 (si
595 1228 684 1283 laeum
699 1244 782 1300 supra
798 1228 935 1283 laudatum
950 1243 1066 1298 eumque

34 1311 113 1366 valde
130 1317 291 1383 suspectum
306 1306 447 1383 excipias)
467 1325 538 1366 vooe
553 1313 631 1366 colon
647 1312 693 1368 vel
712 1313 800 1366 colum
820 1312 915 1366 ulitur.
948 1310 1065 1383 iusuper

34 1395 85 1449 bae
96 1395 248 1450 membrum
260 1395 333 1465 puacl
342 1395 429 1450 aulum
444 1397 586 1450 uomiuaul
599 1410 634 1450 eo
650 1395 713 1449 1οοο
731 1395 778 1450 abi
793 1395 913 1466 positum
927 1399 980 1462 est,
996 1411 1065 1449 een-

34 1479 206 1534 seeutiouem
224 1479 372 1534 verborum
392 1480 500 1542 turbat;
529 1479 613 1550 idque
633 1485 783 1550 propterea
805 1479 832 1532 in
855 1495 942 1532 meum
962 1483 1064 1532 textum

35 1577 86 1616 uon
101 1562 207 1633 reeepi.
292 1568 335 1628 25,
352 1568 420 1621 8-9
434 1562 541 1618 Verba:
559 1563 631 1633 quael
645 1564 673 1616 ia
683 1563 813 1633 poclapra
829 1562 993 1632 ebirapraae
1007 1575 1065 1616 esse

34 1647 170 1700 consueuit
186 1651 314 1717 suspecta
331 1651 394 1701 sunt
410 1645 533 1716 Targae,
551 1646 595 1700 oui
612 1661 666 1701 ιιοιι
681 1662 793 1716 possum
809 1646 947 1701 assentire
961 1645 985 1699 si
1002 1661 1063 1716 esp.
1104 1687 1109 1700 .
1184 1667 1188 1674 ¹

35 1733 49 1788 t
65 1729 115 1783 lib.
133 1729 175 1797 11,
189 1746 217 1800 p.
232 1736 276 1799 39,
291 1737 324 1789 35
332 1745 392 1799 sqq.
409 1729 532 1801 respicio
546 1758 589 1770 -
604 1730 639 1784 oi.
656 1728 719 1797 ll,8
733 1747 761 1800 p.
775 1735 817 1794 45,
830 1735 946 1791 37-38;
963 1728 1008 1795 111,
1020 1733 1064 1798 27,

36 1818 64 1880 2,
79 1811 160 1877 init.;
182 1813 228 1883 w,
244 1820 294 1883 31,
312 1813 373 1868 init.
458 1819 503 1882 28,
520 1818 550 1873 17
571 1813 622 1867 sed
630 1813 742 1883 priores
755 1813 843 1876 usar&
856 1827 976 1883 quaque,
998 1811 1064 1866 libri

37 1912 139 1952 omues.
192 1897 280 1966 Targa
310 1902 386 1953 reete
419 1902 515 1954 oenset
546 1911 645 1954 voeem
672 1899 785 1966 priores
814 1897 958 1952 delendam
988 1911 1063 1950 esse.

37 1979 197 2036 Emendatio
226 1981 370 2037 manifesta
396 1987 439 2037 est
464 1980 489 2035 si
512 1986 629 2036 vexatus
650 1980 696 2036 b'ia
724 1981 803 2036 loeus
825 1980 983 2036 abuteretur
1004 1995 1065 2034 eum

37 2063 157 2136 llippoer
189 2064 211 2120 's
229 2071 304 2120 textu
317 2081 396 2134 quem
409 2064 507 2120 Celsus
520 2065 579 2120 lere
592 2064 750 2120 adverbum
764 2081 800 2120 ex
815 2080 943 2120 sermone
958 2077 1063 2133 graeco

37 2149 64 2203 iu
93 2148 159 2203 latin
227 2149 375 2204 transtulit.
419 2147 479 2202 Nou
505 2148 596 2216 agitur
622 2148 657 2202 de
683 2149 786 2203 morbis
815 2146 991 2219 praegressis
1014 2146 1064 2201 sed

39 2231 73 2287 de
99 2231 133 2287 iis
159 2231 206 2302 qui
234 2232 360 2288 oriuntur
389 2231 599 2302 tempestatibus
627 2231 699 2284 bene
727 2230 871 2286 ordinatis.
916 2229 1064 2284 Praeterea

39 2315 183 2370 notandum
207 2320 251 2371 est
275 2315 357 2370 eodd.
379 2315 451 2370 Med.
475 2314 487 2367 1
512 2319 540 2368 et
562 2315 623 2368 Vat.
642 2313 704 2368 vili
730 2317 812 2382 atque
832 2316 902 2371 7028
930 2311 1063 2366 exhibere

37 2401 128 2470 prior.
207 2393 273 2468 *28,
288 2405 322 2458 29
333 2399 471 2469 pustulae.
484 2427 528 2438 -
538 2387 645 2468 pusula
660 2395 763 2466 ubique
778 2396 839 2450 Vel.
854 2394 916 2450 Vlll
937 2408 988 2464 pro
1004 2408 1062 2463 pu·

38 2481 125 2550 stulu,
145 2480 241 2538 usal
261 2488 289 2537 et
310 2487 378 2542 7028
398 2483 458 2538 iere
479 2497 604 2552 semper,
631 2478 720 2535 aeleri
741 2477 822 2534 eodd.
845 2483 873 2532 et
897 2477 958 2532 edd.
982 2476 1063 2532 modo

35 2565 164 2638 pustula,
185 2566 267 2621 modo
284 2567 389 2636 pusula
414 2565 560 2639 exhibeut3
594 2564 623 2618 iu
642 2578 704 2618 meo
726 2568 817 2618 autem
837 2566 915 2628 textu
936 2560 996 2634 (ex.
1016 2577 1061 2630 gr.

39 2665 64 2721 p.
78 2655 122 2718 28,
135 2654 183 2714 29;
204 2645 459 2722 44,11;119,15)
484 2648 647 2718 ubicumque
668 2648 783 2718 pustula
809 2645 913 2715 legitur
938 2659 1064 2699 errorem

5 2753 6 2758 ¹
39 2734 238 2804 typothetarum
259 2734 372 2790 babeas.
457 2738 505 2798 28,
521 2737 555 2791 29
576 2732 719 2788 abscessus
738 2732 878 2801 corpores,
901 2729 999 2812 Tarpa.
1020 2747 1070 2768 ·-··

39 2815 139 2873 Voeem
159 2819 285 2888 carparis
311 2817 358 2872 bie
378 2822 407 2872 et
425 2813 538 2886 saepius
560 2812 612 2887 (ο1.
629 2831 657 2886 p.
674 2820 724 2883 93,
739 2819 773 2872 4:
799 2813 935 2884 imperari
953 2811 1066 2880 corpori

38 2906 135 2972 potest·
158 2907 218 2970 106,
233 2905 281 2958 23:
306 2902 332 2956 si
353 2903 489 2972 imperata
507 2903 573 2954 suut
591 2901 718 2968 ampuri,-
739 2902 801 2967 252,
817 2903 863 2956 33;
889 2909 959 2965 puae
980 2909 1064 2948 manu

28 2986 147 3054 ¹corpori
160 2985 316 3060 udbsbetur)
331 2987 424 3057 iriepte
439 2983 474 3040 ad
488 2981 639 3052 marginem
653 2980 784 3051 seriptam
799 2978 915 3047 sustuli,
935 2982 1064 3032 mouente

42 3068 193 3138 Targa.—
149 3069 362 3124 -Praeterea
382 3067 530 3124 notandum
545 3072 589 3122 est
599 3065 675 3157 apud
691 3065 901 3136 Hippocratem,
924 3077 1003 3132 quem
1017 3060 1064 3116 bie

41 3151 178 3248 excerpsit
202 3152 316 3222 Celsus,
343 3141 481 3225 φύματα,
508 3165 562 3204 nou
591 3134 795 3220 ἀποστήματα,
827 3144 964 3217 reperiri,
991 3144 1064 3199 unde

41 3234 174 3307 suspicari
195 3235 289 3306 possis
310 3251 395 3292 voees
415 3247 486 3308 quae
508 3218 698 3304 ἀποστήματα
724 3230 824 3288 Graeci
845 3231 1001 3297 nommant,
1028 3243 1064 3282 ex

40 3320 206 3390 glossemate
231 3320 372 3391 proiectas
398 3334 471 3375 esse.
510 3316 635 3386 Denique
656 3316 742 3372 verba
763 3329 847 3385 quam
873 3309 1064 3386 μελαγχολίαν

41 3404 177 3474 appellant
202 3403 221 3457 1.
245 3409 279 3463 30
304 3403 350 3458 hie
379 3417 494 3494 prorsus
523 3399 630 3455 inutilia
657 3397 723 3454 mibi
745 3396 874 3454 videntur
898 3396 965 3452 lieet
990 3392 1063 3464 apud

42 3485 234 3559 llippoeratem
256 3486 394 3558 legamus:
422 3469 459 3540 τὰ
478 3471 681 3558 psaaypouul.
773 3484 850 3549 29,3
873 3478 960 3615 aptes,
979 3491 1062 3550 quam

81 3583 206 3628 causae.
