2444 3904
173 220 212 281 38
464 234 497 280 n.
513 229 863 282 c.ouusrntu1t101unn

173 384 312 463 pestilera
328 392 389 461 est,
413 401 487 462 quae
508 385 718 463 strigmeutum,
742 384 925 460 sanguinem,
945 381 1049 461 bilem,
1070 385 1160 445 viride

172 469 287 546 aliquid,
303 469 387 528 modo
404 468 525 532 diversis
539 467 726 546 temporibus,
740 468 826 528 modo
845 467 938 544 sinml,
955 477 984 527 et
996 470 1024 526 in
1039 470 1160 528 mixtura

172 553 301 630 quadarn,
313 549 438 614 discreta
449 562 553 628 tanen,
562 559 770 629 repraesentat.
787 551 847 612 Sed
855 551 928 610 baec
940 551 1055 630 quidem
1065 561 1162 630 potett

171 637 258 714 paulo
275 636 378 696 diutius
392 636 524 696 trabere:
545 636 573 694 in
591 635 743 713 praecipiti
759 636 899 710 terciam
915 652 983 694 esse
1004 636 1162 710 denuntiat,

172 737 246 798 quae
268 719 390 799 liquida,
413 720 571 797 eademque
588 719 635 778 vel
650 719 749 795 nigra,
771 719 819 778 vel
834 717 955 797 pallida,
977 720 1027 779 vel
1047 721 1181 797 pinguius

171 811 230 872 est;
248 806 346 883 utique
362 805 386 863 si
402 819 503 878 magne
514 802 638 864 foeditas
653 802 750 863 odoris
767 802 893 864 accessit
909 801 1076 882 (Propo.§
1096 803 1161 879 11).

231 887 305 948 lllud
318 887 488 962 interrogari
498 903 545 946 me
556 903 646 964 posse
661 885 697 947 ab
709 886 806 964 aliquo
818 887 897 946 scio:
914 887 938 945 si
952 896 1032 946 certa
1047 887 1162 946 futurae

171 973 270 1031 mortis
284 971 387 1030 indicia
402 978 475 1045 sunt,
492 971 636 1048 quomodo
651 970 791 1030 interdum
806 971 915 1031 deserti
931 969 1081 1030 emedicis
1094 987 1162 1029 con·

169 1057 329 1129 valescunt,
348 1055 543 1132 quosdamque
560 1052 634 1114 lama
649 1055 810 1133 prodiderit
825 1056 852 1114 in
864 1055 935 1131 ipsis
950 1053 1101 1114 funeribus
1117 1071 1162 1112 re·

170 1134 300 1196 vixisse?
329 1136 502 1210 Quinetiam
518 1139 562 1198 vir
576 1139 645 1213 jure
660 1140 754 1214 magni
776 1139 896 1198 nominis
910 1137 1112 1213 Democritus,
1128 1151 1187 1196 neu

170 1222 266 1280 linitae
281 1221 395 1298 quidem
409 1222 485 1281 vitae
500 1223 569 1282 satis
586 1231 681 1281 certas
696 1231 780 1282 notas
796 1239 863 1282 esse
880 1223 1042 1301 proposuit,
1057 1220 1162 1299 quibus

169 1304 273 1364 medici
288 1302 494 1364 credidissent:
512 1305 587 1365 adeo
602 1305 671 1365 illud
686 1323 743 1364 nou
760 1307 891 1385 reliquit,
910 1314 941 1364 ut
963 1313 1043 1365 certo
1066 1305 1163 1383 aliqua

170 1389 252 1464 signa
265 1387 377 1447 litturae
394 1389 493 1448 mortis
514 1398 622 1448 essent.
658 1388 808 1449 Adversus
824 1405 899 1468 quos
920 1407 956 1448 ne
979 1389 1073 1450 dicam
1093 1387 1163 1448 illud

169 1470 300 1550 quidem,
328 1471 405 1548 quod
425 1473 453 1530 in
470 1473 564 1532 vicino
581 1489 671 1551 saepe
693 1473 832 1552 quaedam
850 1482 935 1532 notae
957 1473 1090 1550 positae,
1106 1489 1163 1530 non

169 1555 280 1631 bonos,
302 1556 354 1615 sed
375 1557 523 1634 imperitos
544 1555 674 1616 medicos
695 1558 854 1636 decipiunt;
875 1557 950 1635 quod
965 1555 1187 1634 Asclepiadem

169 1639 264 1698 funeri
284 1637 385 1699 obvius
407 1639 564 1718 intellexit,
585 1639 737 1718 quemdem
758 1641 875 1715 vivere,
901 1642 948 1718 qui
969 1639 1162 1700 efferebatur:

169 1739 225 1782 nec
240 1723 371 1801 protinus
387 1725 495 1784 crimen
509 1725 579 1784 artis
594 1741 678 1799 esse,
703 1726 728 1784 si
744 1725 821 1803 quod
837 1724 1014 1802 professoris
1027 1725 1079 1790 sit;
1112 1723 1162 1782 illa

168 1815 263 1866 tamen
280 1806 453 1866 moderatius
470 1805 634 1881 subjiciam:
658 1807 882 1882 conjecturalem
903 1817 993 1867 artem
1013 1825 1083 1866 esse
1104 1825 1162 1865 rne-

169 1889 309 1965 dicinam,
325 1891 523 1970 rationemque
539 1891 727 1965 conjecturae
741 1891 829 1952 talem
845 1909 929 1967 esse,
951 1901 980 1951 ut
995 1909 1082 1969 quum
1097 1908 1161 1950 sae·

168 1975 233 2049 pius
257 1973 410 2051 aliquando
420 1974 624 2052 responderit,
649 1974 790 2034 interdum
807 1984 901 2035 tamen
923 1974 1014 2035 fellat.
1045 1975 1077 2034 st
1094 1973 1187 2051 qutun

168 2058 267 2135 itaque
280 2058 329 2117 vix
346 2058 374 2118 in
388 2057 540 2119 millesimo
558 2073 684 2136 corpore
699 2057 851 2136 aliquando
864 2059 989 2137 decipit,
1015 2057 1043 2118 id
1066 2067 1163 2116 notam

167 2158 226 2200 non
239 2140 336 2218 habet,
356 2158 441 2219 quum
457 2159 511 2220 per
525 2142 748 2204 innumerabiles
763 2142 893 2204 homines
908 2141 1097 2220 respondeat.
1115 2140 1160 2200 Id·

168 2243 226 2304 que
240 2242 296 2285 non
311 2229 339 2286 in
354 2226 388 2286 iis
404 2233 526 2302 tantum,
549 2244 622 2304 quae
636 2226 775 2304 pestilera
795 2235 873 2303 sunt,
892 2225 979 2294 dicor
997 2225 1051 2286 sed
1073 2226 1103 2284 in
1129 2225 1162 2282 iis

168 2326 301 2389 quoque,
324 2327 398 2388 quae
418 2310 562 2370 salutaria.
595 2311 741 2388 Siquidem
755 2311 841 2369 etiam
857 2328 926 2388 spes
945 2311 1089 2370 interdum
1103 2308 1161 2368 iru-

169 2403 289 2471 stratur,
312 2401 341 2454 et
360 2395 478 2454 moritur
495 2393 616 2472 aliquis,
638 2393 674 2454 de
695 2410 751 2472 quo
775 2393 905 2454 medicus
925 2412 1045 2470 securus
1067 2395 1187 2471 primoe
1210 2389 1211 2398 ’

168 2475 235 2534 luit:
263 2493 396 2553 quaeque
416 2477 549 2538 medendi
571 2494 657 2536 eausa
677 2484 791 2552 reperte
806 2485 887 2553 sunt,
907 2495 1118 2556 nonnumquam
1134 2478 1161 2534 in
1209 2491 1211 2530 i

169 2558 255 2632 pejus
272 2559 358 2616 alicui
373 2567 552 2645 convertunt.
585 2557 689 2635 Neque
703 2557 731 2618 id
746 2559 855 2618 euitare
870 2560 988 2621 bumana
1009 2560 1160 2620 imbecilli·

167 2647 212 2698 tas
233 2641 261 2698 in
281 2647 358 2699 tanta
373 2642 513 2700 varietate
533 2657 688 2717 corporum
704 2649 811 2718 potest.
843 2643 903 2703 Sed
925 2654 970 2704 est
991 2653 1088 2703 tamen
1102 2661 1161 2702 me·

168 2722 280 2782 dicinae
291 2723 373 2798 tides,
388 2741 462 2800 quae
473 2723 562 2782 multo
574 2724 701 2800 saepius,
716 2740 828 2803 perque
840 2727 928 2786 multo
941 2728 1040 2806 plures
1052 2743 1161 2804 aegros

91 2843 92 2848 κ
167 2807 298 2885 prodest.
332 2805 436 2884 Neque
456 2815 550 2866 temen
572 2807 707 2880 ignorare
728 2819 860 2886 oportet,
885 2812 1023 2871 inacutis
1050 2810 1187 2870 morbisu

167 2889 289 2950 fallaces
304 2890 395 2966 magis
410 2897 492 2950 notes
510 2907 577 2952 esse
592 2897 621 2949 et
636 2889 736 2952 salutis
751 2901 780 2951 et
794 2897 893 2975 mortis
907 2893 1002 2974 (Api.
1019 2894 1057 2972 ll,
1078 2893 1145 2969 19).

403 3172 411 3180 .
507 3078 821 3195 oAPuuvrr‘,
896 3153 898 3158 s
1012 3131 1017 3144 ⁴

257 3229 295 3278 Ex
312 3231 402 3292 quibus
415 3232 480 3282 notis
495 3233 597 3297 singula
608 3235 751 3284 morborum
765 3251 859 3301 genere
872 3244 1066 3300 cognoscuntur.

223 3369 287 3440 'Sed
304 3399 388 3459 quum
404 3384 604 3460 proposuerim
621 3385 718 3461 signe,
743 3387 860 3463 quaein
881 3388 955 3446 omni
971 3387 1095 3446 adversa
1109 3404 1157 3446 va·
1209 3365 1211 3454 t

169 3463 295 3525 letudiue
314 3466 471 3525 communia
487 3484 553 3526 esse
574 3478 799 3538 consueverunt;
817 3487 859 3537 eo
874 3487 995 3549 ,quoque
1017 3469 1157 3553 transibo,
1166 3486 1186 3526 c
1209 3485 1211 3570 q
