2396 3904
300 177 702 251 ,mmmffl.
950 167 1013 232 w

344 365 541 464 carun
578 403 749 496 xun-

399 514 436 564 De
452 515 534 565 cubito
546 515 642 570 luxato.

83 661 117 724 ln
133 662 232 725 cubito
248 661 340 726 aulem
354 667 409 726 tria
422 665 503 726 coire
518 681 602 742 ossa,
619 665 740 742 humeri,
758 663 848 741 radii,
873 671 902 725 et
923 660 1018 726 cubiti·

25 748 132 832 ipsius,
150 750 249 822 exiis,
267 767 341 827 quae
363 752 453 829 prima
469 759 550 828 parte
565 749 649 824 hujus
662 748 814 809 voluminis
831 750 924 827 posita
937 757 1012 842 supi,

25 832 147 908 intelligi
162 833 263 912 potuit.
291 833 322 892 Si
338 834 462 909 cubitus,
475 835 522 911 qui
539 851 669 892 annexus
687 832 806 891 humero
824 842 882 908 est,
903 832 939 892 ab
956 833 1014 893 hdo

25 915 142 991 excidit,
154 913 267 992 radius,
284 917 331 994 qui
352 917 504 998 adjunctus
520 925 580 993 est,
603 916 742 976 interdum
764 916 899 992 trahitur,
925 918 1012 976 inter-

25 997 89 1060 dum
104 999 242 1058 subsistit.
270 999 302 1058 ln
318 1017 417 1061 omnes
430 1018 501 1060 vero
520 1009 640 1078 quatuor
657 1009 755 1078 partes
776 999 913 1059 excidere
934 999 1012 1059 cubi·

25 1091 67 1142 tus
84 1090 183 1160 potest
198 1081 253 1161 (cf.
268 1081 355 1168 Hipp.
374 1081 422 1144 De
437 1084 524 1144 artic.
540 1085 561 1158 ὅ
579 1085 616 1142 17
629 1083 727 1162 sqq.):
751 1081 821 1158 sed,
852 1084 876 1140 sl
892 1083 920 1140 in
935 1084 1012 1159 prio·

25 1183 85 1225 rem
102 1165 260 1246 prolapsus
277 1174 340 1242 est,
357 1175 502 1226 extentum
520 1167 666 1227 brachium
685 1174 745 1243 est,
767 1183 863 1243 neque
877 1181 1012 1226 recurva·

25 1257 83 1308 tur:
101 1251 126 1308 si
144 1251 174 1308 in
190 1252 392 1328 posteriorem,
408 1250 555 1310 brachium
579 1267 696 1310 curvom
714 1258 776 1323 est,
797 1267 892 1327 neque
914 1258 1012 1309 exten·

25 1328 115 1410 ditor,
131 1333 307 1411 breviusque
326 1334 417 1392 altero
434 1342 492 1400 est;
511 1333 652 1392 interdum
669 1331 796 1406 febrem,
820 1334 1012 1410 vomitumque

25 1417 89 1478 bilis
102 1425 213 1476 movet:
230 1418 253 1476 si
275 1417 304 1474 in
320 1417 513 1493 exteriorem,
534 1417 754 1490 interioremve,
776 1415 922 1474 brachium
945 1432 1014 1493 por-

25 1509 133 1562 rectum
149 1509 208 1576 est,
238 1499 290 1558 sed
306 1500 421 1578 paulum
437 1501 466 1558 in
482 1515 545 1560 eam
558 1508 682 1578 portem,
693 1517 727 1568 ‚a
749 1515 805 1577 qua
827 1515 861 1558 os
878 1500 1012 1574 recessit,

25 1592 214 1646 recurvatum.
247 1583 393 1660 Quidquid
408 1584 517 1660 incidit,
539 1583 701 1661 reponendi
722 1583 795 1641 ratio
810 1597 863 1640 una
882 1591 941 1650 est;
964 1599 1023 1640 ne·.

25 1686 79 1748 pue
95 1668 124 1726 in
143 1665 239 1727 cubito
254 1674 378 1741 tanturn,
394 1667 447 1726 sed
465 1669 495 1725 in
510 1667 640 1726 omnibus
662 1681 778 1744 quoque
799 1665 934 1724 membris
951 1664 1012 1724 lon·

25 1754 83 1830 gis,
112 1768 186 1828 quae
209 1768 263 1828 per
285 1751 434 1810 articulum
459 1751 546 1827 longa
568 1759 642 1809 testa
660 1750 831 1824 junguntur:
862 1757 1013 1825 utrumque

25 1833 178 1899 membrum
193 1833 222 1892 in
236 1833 367 1894 diversas
390 1842 488 1911 partes
504 1833 674 1905 extendere,
693 1832 787 1892 donec
801 1833 923 1910 spatium
939 1833 1015 1891 inter

25 1935 93 1979 ossa
108 1917 228 1984 liberum
245 1916 295 1985 sit;
318 1926 377 1976 tum
392 1917 420 1976 id
444 1933 494 1992 os,
512 1917 590 1994 quod
611 1915 736 1989 excidit,
761 1914 796 1975 ab
816 1933 849 1975 ea
862 1924 971 1994 parte,
986 1916 1014 1972 in

25 2017 107 2080 poam
129 2000 297 2078 prolapsum
321 2009 385 2077 est,
402 2001 430 2059 in
452 2001 624 2060 contrariam
643 1997 804 2075 impellere.
833 1997 1014 2057 Extendendi

25 2095 116 2144 tamen
133 2083 187 2143 alia
209 2091 295 2161 atque
314 2083 369 2143 alia
394 2099 502 2159 genera
527 2090 607 2159 sunt,
630 2088 717 2159 prout
738 2090 785 2140 aut
804 2081 891 2140 nervi,
905 2081 1014 2154 valent,

25 2176 73 2228 unt
90 2183 155 2226 ossa
177 2166 233 2226 lruo
254 2166 362 2226 illucve
385 2183 418 2224 se
441 2165 591 2226 dederunt.
622 2165 668 2224 Ac
691 2163 776 2224 modo
796 2161 925 2222 manibus
943 2162 1014 2221 solis

25 2247 158 2312 utendum
174 2258 226 2325 est,
242 2250 328 2309 modo
345 2249 484 2327 quaedam
499 2249 554 2309 alia
571 2246 741 2308 adhibenda.
758 2246 849 2323 Ergo,
865 2247 889 2306 si
901 2246 1013 2324 inprio-

25 2352 85 2394 rem
100 2343 209 2411 partem
226 2331 339 2393 cubitus
355 2334 509 2410 prolapsus
533 2341 593 2407 est,
618 2330 734 2390 extendi
756 2347 811 2407 per
830 2329 903 2390 duos
925 2329 1013 2388 mani-

25 2417 95 2491 bus,
116 2417 256 2476 interdum
277 2417 362 2476 etiam
388 2416 509 2476 habenis
531 2414 663 2490 adiectis,
680 2414 749 2472 satis
766 2421 825 2472 est:
843 2411 946 2472 delude
968 2427 1013 2472 ro·

25 2499 139 2566 tundam
153 2500 261 2578 aliquid
275 2518 291 2559 a
307 2500 409 2559 lacerti
426 2508 509 2577 parte
523 2497 686 2576 ponendum
703 2503 764 2572 est,
780 2503 808 2554 et
823 2513 911 2574 super
924 2495 953 2554 id
968 2512 1013 2554 re-

25 2592 111 2663 pente
127 2583 237 2643 cubitus
255 2582 291 2643 ad
306 2583 453 2642 homerum
468 2581 661 2660 inpellendus
679 2589 732 2640 est.
761 2579 801 2639 At
815 2580 843 2639 in
861 2579 925 2639 aliis
942 2577 1014 2637 oasi-

25 2670 77 2728 bus
95 2667 353 2726 commodissimum
373 2675 418 2725 est
433 2667 534 2725 eadem
550 2665 663 2727 ratione
680 2663 827 2724 brachium
844 2663 1014 2736 extendere,

25 2767 98 2830 puae
112 2750 204 2809 iracto
221 2749 340 2808 humero
356 2767 444 2826 supra
461 2751 555 2826 posita
571 2757 632 2824 est,
650 2755 679 2806 et
690 2757 758 2807 'tum
776 2764 844 2806 ossa
859 2761 1014 2822 reponere.

25 2832 145 2910 Reliqua
162 2834 271 2891 curatio
291 2833 391 2891 eadem
412 2841 472 2909 est,
488 2849 563 2910 quae
579 2833 607 2890 in
629 2830 769 2890 omnibus.
802 2828 936 2888 Celerius
956 2835 1014 2885 tan·

25 2925 92 2990 tu'nr,
108 2924 137 2974 et
150 2915 267 2994 saepius
284 2915 314 2974 id
326 2915 531 2974 resolvendum
546 2923 605 2983 est;
621 2913 710 2972 multo
726 2912 906 2986 magis-aqua
922 2906 1016 2967 calida
1057 2969 1058 2972 Ἴ

25 2997 193 3067 lovendu1n;
209 2998 313 3057 diutins
332 3017 370 3057 ex
388 2998 455 3056 oleo
475 3007 504 3057 et
519 2999 594 3056 nitro
614 3013 649 3055 ac
664 2995 725 3054 sale
741 2991 965 3070 perfricandum.
983 2989 1016 3050 ln

25 3080 213 3144 nubitoenim
229 3081 373 3156 celerius,
390 3083 518 3158 quam'in
532 3078 592 3138 ullo
609 3079 665 3137 alio
683 3074 822 3149 articulo,
848 3075 911 3133 sive
933 3083 1016 3134 extra

25 3165 175 3240 remansit,
199 3165 261 3224 siue
281 3166 356 3224 intus
378 3164 515 3236 revertit,
539 3163 631 3221 callos
652 3156 857 3228 circumdatum
872 3159 972 3236 isque,
990 3157 1015 3218 si

25 3265 80 3330 per
96 3249 221 3334 quietem
242 3247 380 3326 increuit,
399 3247 491 3307 flexus
509 3245 586 3306 illius
601 3252 705 3324 postea
721 3241 866 3323 probibet.
