2384 3896
150 189 208 250 164
437 199 469 247 n.
487 199 518 248 c.
534 199 632 249 cnusr
648 197 843 250 munncmsu

499 405 682 467 CAPUT
714 405 783 466 XI.

210 521 280 580 Quae
295 521 430 572 discutiant
448 534 491 580 ea,
511 522 618 585 quaein
635 522 720 585 aliqua
735 529 806 587 parte
822 522 934 587 ccrpcrls
953 522 1078 572 colerunt.

211 671 257 731 hd
278 670 455 732 discutienda
477 689 549 732 vero
570 690 622 748 ea,
645 689 718 751 quae
740 672 768 732 in
790 673 924 752 corporis
944 682 1030 752 parte
1043 673 1133 751 aliqua

149 755 295 832 coierunt,
316 757 438 818 maxime
454 765 575 835 possunt
591 754 778 832 abrotonum,
798 755 957 833 helenium,
976 773 1133 830 amaracus,

148 837 214 898 alba
230 838 324 915 viola,
342 841 414 916 mel,
437 839 541 916 lilium,
561 840 748 918 sampsuchus
764 840 883 920 cyprius
899 839 954 919 (ci.
970 839 1046 900 Plin.
1061 839 1150 916 xxts

151 923 205 997 11,
221 919 260 983 35
270 944 283 990 ;.
294 921 351 999 22,
368 921 518 1002 93),1ac‚
536 922 645 982 sertula
657 941 810 1002 campana,
825 922 1000 1001 serpyllum,
1019 941 1133 1002 cupree

148 1022 213 1080 sus,
235 1003 355 1081 cedrus,
377 1007 443 1084 iris,
460 1005 537 1065 ricla
550 1023 711 1085 purpurea,
727 1006 889 1082 narcissus,
903 1024 990 1081 rosa,
1009 1025 1135 1080 crocum,

147 1105 263 1165 passum
285 1089 449 1166 (praalum.
470 1087 584 1167 hina),
603 1089 708 1165 juncus
724 1089 892 1168 quadratus,
915 1089 1054 1169 nardum,
1083 1093 1135 1150 cin·

148 1185 322 1244 namcmum,
346 1172 438 1252 casia,
461 1173 679 1248 ammoniacum,
702 1190 786 1249 cera,
806 1175 922 1248 resina,
942 1190 998 1232 uva
1014 1175 1136 1246 taminia,

149 1269 249 1328 spuma
269 1256 398 1331 argenti,
425 1263 540 1332 styrax,
568 1257 640 1317 licus
662 1255 757 1333 arida,
788 1257 1005 1333 tragoriganus,
1038 1258 1090 1316 lini
1112 1264 1160 1316 eta

148 1336 269 1395 narcissi
286 1353 400 1414 semen,
417 1336 559 1415 bitumen,
574 1339 678 1400 sordes
691 1359 729 1400 ex
743 1341 911 1416 gymnasio,
928 1341 1042 1419 pyrites
1058 1341 1137 1419 lapis,

149 1426 195 1476 aut
209 1418 344 1498 molaris,
362 1422 466 1482 crudus
481 1423 616 1500 vitellus,
633 1441 746 1484 amarae
761 1441 865 1500 nuces,
882 1423 1011 1502 sulphur.

493 1637 666 1700 oneum
701 1613 830 1698 xnus

462 1754 531 1814 Quae
548 1767 651 1805 evocent
666 1755 819 1828 eteducant.

207 1899 321 1962 Evocat
344 1911 372 1963 et
393 1905 488 1966 educit
510 1905 657 1981 ladanum,
677 1906 975 1983 alumen'rotundum,
997 1906 1161 1981 hebenus,n

148 1982 197 2042 lini
209 2003 322 2060 semen,
340 1986 536 2068 omphacium,
552 1991 611 2068 iel,
628 1989 773 2066 chalcitis,
790 1989 940 2066 bdellium,
953 1992 1055 2052 resina
1069 2001 1138 2051 tere

149 2067 273 2129 birthina
296 2077 325 2129 et
349 2071 449 2150 pinea,
482 2073 633 2152 prc'pclis,
663 2075 735 2133 heus
758 2075 837 2135 arida
858 2074 997 2150 decocta,
1028 2085 1138 2136 stercus

149 2151 315 2230 columbae,
339 2171 460 2233 pumex,
479 2156 570 2216 farina
585 2157 665 2230 lolii,
687 2157 785 2235 grossi
800 2160 829 2218 in
842 2175 915 2237 aqua
931 2161 1027 2236 cocti,
1054 2159 1138 2219 elate-

148 2237 234 2314 rium,
251 2237 322 2299 lunri
337 2236 462 2315 baccae,
477 2240 598 2314 nitrum,
616 2240 669 2300 sal.
684 2317 687 2324 1

474 2415 812 2522 οΑΡῠΤ’ΧΙΙῐ.
1145 2470 1162 2508 u

455 2577 524 2635 Quae
551 2586 699 2642 exasperata
724 2579 828 2628 laevem.

209 2721 315 2782 haeret
339 2723 366 2782 id
392 2725 468 2800 quod
492 2738 691 2806 exasperatum
718 2738 784 2804 est,
818 2733 965 2811 spodium,
996 2737 1137 2811 hebenus,

147 2807 266 2883 gummi,
284 2806 331 2865 cvi
347 2806 455 2884 album,
473 2808 533 2884 lac,
549 2813 773 2890 tragacantham.
1185 2837 1187 2916 p

479 3009 665 3072 cneum
699 3014 807 3076 xlv.
1184 2961 1187 3114 1

347 3122 416 3180 Quae
433 3139 533 3175 earnem
549 3129 660 3178 nutriant
674 3137 702 3179 ut
716 3131 788 3181 ulcus
803 3132 931 3198 impleant.
964 3186 966 3205 Ι
1143 3140 1161 3178 ²⁵
1186 3183 1187 3206 ,

205 3270 327 3332 Carnem
350 3271 400 3331 alit
421 3282 451 3333 et
474 3274 554 3334 ulcus
575 3275 676 3355 implet
692 3281 789 3339 resina
806 3282 910 3358 pinea,
931 3277 1021 3339 ochra
1035 3283 1136 3353 attice,

142 3356 206 3430 vel,
230 3355 356 3430 asturiae
400 3357 471 3432 (mel
492 3358 653 3422 erithace?
678 3363 713 3422 cl.
743 3363 838 3426 Varro
862 3365 900 3426 li.
925 3364 964 3424 tt.
988 3363 1046 3440 lll,
1073 3365 1135 3441 16),

142 3457 226 3516 cera,
243 3439 382 3514 butyrum.

1184 3543 1187 3698 l
