2372 3892
154 185 215 250 28⁰
428 193 460 240 s.
476 193 505 242 ο.
521 192 621 246 onnsn
638 191 834 244 nonomen

152 361 245 414 nutem
260 349 470 431 superveniens
484 349 521 411 ab
539 351 678 434 interiore
698 357 780 430 parte
799 345 1001 428 membranula
1020 349 1129 410 inoludt.

151 436 210 498 Sub
224 435 267 496 hin
287 443 367 514 gutta
385 435 512 494 humoris
528 443 589 498 est,
605 436 660 498 uvi
680 434 747 496 allto
769 434 886 501 similis;
910 451 927 494 a
952 451 1014 512 qua
1035 434 1131 496 ridendi

150 521 272 582 iauultas
286 519 495 598 proficiscitur:
511 509 790 596 κρυσταλλοειδής
804 535 819 578 a
835 517 960 580 Graecis
977 521 1131 578 nominatur.

216 604 263 664 14.
284 603 375 680 lqitur
389 602 437 662 vel
457 619 494 667 en
510 601 629 677 morbo,
649 602 697 662 vel
720 619 758 662 ex
777 604 836 662 ietu
857 604 1034 664 concrescit
1051 601 1132 662 humor

150 687 204 752 snb
218 686 328 748 duabus
342 687 456 762 tunicis,
467 704 524 765 qua
539 685 634 748 louum
648 703 768 746 vaenum
783 703 850 746 esse
859 688 1009 765 proposui
1020 687 1067 764 (p.
1077 687 1146 760 litu

150 775 170 834 l.
193 773 266 850 dim
293 772 376 848 isque
402 771 536 848 paulatim
562 770 767 845 indurescens,
785 771 918 830 interiori
940 773 1094 850 potentiae
1110 787 1132 828 se

150 857 280 937 opponit.
314 854 440 931 Vitiique
456 855 519 932 ejus
539 854 639 932 plures
659 856 872 932 speciosorum
895 854 1048 932 quaedam
1070 871 1133 914 sane

149 941 241 1016 biles,
263 937 402 1018 quaedam
430 954 504 1015 quae
532 940 707 998 curationem
736 954 793 998 nou
817 936 979 998 admittunt.
1028 937 1134 998 Namsi

150 1026 255 1100 exigua
274 1021 393 1081 tuliusio
413 1030 476 1097 est,
493 1022 517 1080 si
537 1020 707 1096 immobilis,
729 1021 862 1083 colorem
880 1039 955 1082 varo
979 1022 1072 1082 habet
1091 1038 1133 1080 ma·

108 1153 115 1166 .
149 1109 229 1168 rinae
249 1121 356 1183 aquae,
376 1103 424 1164 vel
448 1105 519 1165 lerri
538 1105 671 1182 nitentis,
687 1113 716 1166 et
736 1123 752 1166 a
770 1105 863 1166 latere
879 1123 1003 1166 sensum
1027 1105 1152 1184 aliqnenu

148 1189 272 1266 iulgoris
288 1187 431 1265 relinquit,
446 1206 516 1267 spes
531 1198 675 1267 superest.
700 1190 847 1265 stungna
863 1197 917 1266 est,
933 1190 961 1249 si
978 1191 1068 1266 nigra
1082 1205 1133 1268 part

149 1273 241 1348 oculi,
257 1274 361 1332 amissa
376 1272 497 1332 naturali
512 1274 620 1350 ligura,
636 1275 665 1332 in
687 1272 771 1332 aliam
787 1273 922 1349 vertitur,
941 1276 970 1334 si
997 1273 1133 1334 suffusioni

149 1355 232 1419 oolor
255 1355 407 1416 eaerulens
426 1364 485 1432 est,
506 1365 554 1416 aut
575 1357 779 1432 amotionis,
802 1358 827 1416 si
841 1356 942 1434 labat,
974 1368 1010 1418 et
1032 1357 1132 1418 haunt

148 1459 205 1522 qne
219 1440 286 1501 illae
299 1448 446 1517 moretur,
463 1441 511 1498 viu
526 1458 658 1518 umquam
673 1441 857 1500 suennrritur.
881 1440 958 1502 llere
976 1458 1055 1502 vero
1063 1441 1131 1520 pejor

148 1534 207 1602 est,
226 1541 283 1603 qno
299 1541 337 1584 ex
357 1525 493 1601 graviore
515 1525 617 1584 morbo
638 1523 835 1601 majoribusve
857 1526 960 1604 ospitis
981 1524 1150 1597 domniono

148 1609 195 1670 vel
211 1610 268 1670 iotn
287 1607 504 1668 vehementiore
521 1618 584 1668 orta
600 1617 655 1668 est.
688 1607 790 1686 Neque
809 1607 912 1670 idonea
935 1611 1084 1670 eurationi
1096 1625 1129 1666 se·

147 1694 213 1752 nilis
235 1701 315 1753 aetas
331 1701 392 1768 est,
408 1709 483 1769 qune
498 1693 560 1752 sine
576 1709 653 1754 nonu
670 1693 755 1768 uitio,
777 1700 871 1754 tamen
894 1696 990 1753 aciem
1010 1693 1130 1753 lrelteten

146 1775 247 1836 habet:
268 1793 304 1836 ae
324 1793 360 1834 ne
375 1775 492 1854 puerilis
510 1775 638 1854 quidem;
659 1775 713 1838 sed
727 1778 802 1838 iuter
822 1777 874 1838 luas
889 1777 998 1842 media.
1039 1775 1129 1837 Oonlu

148 1875 263 1938 quoque
290 1860 427 1920 curationi
458 1877 553 1938 neque
581 1862 719 1937 exiguus,
742 1877 846 1938 ,neque
879 1878 1050 1939 oonoarus,
1074 1861 1127 1920 satis

147 1941 325 2020 opportunus
353 1951 407 2003 est.
450 1943 546 2024 Atque
564 1945 656 2022 ipsius
680 1944 846 2006 suilnsionis
880 1945 1028 2023 quaedam
1056 1951 1146 2006 matu-o

145 2028 215 2086 ritas
238 2035 292 2086 est.
327 2025 560 2104 Euspeetandum
575 2030 663 2105 igitur
683 2028 862 2116 est‚·doneo
878 2030 939 2104 J'am
959 2047 1023 2090 non
1045 2029 1126 2102 linere,

146 2110 199 2170 sed
215 2109 316 2170 duritie
332 2110 452 2188 quadam
474 2113 660 2173 nonoreaisse
684 2112 824 2172 rideatur.
860 2113 935 2174 llnte
960 2115 1126 2176 curationem

146 2203 239 2254 nutem
266 2194 380 2254 modico
410 2194 476 2254 cibo
498 2197 553 2272 nti,
577 2194 678 2256 hibere
705 2213 809 2274 aquam
837 2197 931 2258 triduo
953 2197 1062 2266 debet;
1082 2195 1124 2274 pri·

145 2279 192 2338 die
204 2278 239 2338 ab
254 2279 383 2362 omnibus
397 2278 551 2340 abstinere.
595 2280 665 2341 Post
685 2279 757 2340 haeo
779 2283 806 2340 in
827 2281 951 2342 adverso
973 2283 1061 2342 sedili
1077 2277 1125 2340 ool·

145 2362 283 2422 locandus
310 2371 356 2422 est
379 2363 446 2421 looo
474 2361 587 2439 lucido,
618 2364 723 2424 lumine
745 2364 953 2443 adversatio,
978 2377 1011 2428 ut
1040 2372 1141 2426 oontrru

144 2445 272 2505 medicus
284 2446 373 2523 ¹paolo
388 2447 472 2507 altius
488 2446 605 2507 sedeat:
624 2465 641 2508 a
662 2449 826 2526 posteriore
841 2459 933 2510 autem
951 2461 1036 2528 parte
1053 2453 1123 2526 eaput

145 2530 207 2603 ejus
232 2530 360 2588 minister
381 2533 542 2606 nominent,
566 2538 594 2590 ut
616 2531 761 2593 immobile
776 2531 805 2592 id
822 2543 966 2612 praestet:
991 2553 1057 2595 nanu
1078 2528 1123 2592 leri

143 2617 220 2668 motu
232 2612 303 2688 eripi
319 2614 398 2670 uoles
414 2614 444 2671 in
459 2623 627 2692 perpetuum
641 2625 747 2694 potest.
765 2617 840 2691 Quin
855 2620 940 2678 etiam
954 2620 1022 2696 ipse
1034 2615 1121 2678 ooulus

143 2691 314 2753 inmobilior
328 2693 477 2754 laniandus
492 2705 551 2774 ost,
568 2717 655 2778 snper
670 2699 790 2760 alterum
806 2700 871 2765 lana
889 2702 1026 2779 imposita
1042 2698 1120 2762 etde

142 2775 241 2853 ligata.
275 2774 375 2836 Curari
395 2795 465 2838 vero
482 2781 599 2841 sinister
616 2781 719 2844 ooulus
735 2783 836 2846 dextra
856 2803 954 2860 manu,
972 2786 1075 2848 dexter
1091 2781 1140 2840 siu

143 2864 231 2923 nistra
243 2861 339 2925 dehet.
368 2862 438 2924 'lum
450 2884 517 2926 auus
529 2867 705 2928 admovendo
718 2878 765 2929 est
775 2878 857 2928 aonta
870 2879 897 2929 nt
909 2869 999 2946 ioret,
1011 2869 1065 2930 sed
1075 2883 1121 2928 non
1172 2893 1173 2914 u

142 2949 256 3006 nimium
269 2950 379 3017 tenuis;
395 2967 489 3028 eaque
506 2951 679 3016 demittenda
694 2961 774 3012 reeta
791 2962 838 3012 est
853 2970 907 3030 per
924 2971 1048 3012 summas
1064 2953 1120 3014 dms

142 3029 251 3088 tunicas
272 3027 366 3088 medio
387 3027 454 3087 loeo
477 3028 550 3088 inter
570 3029 646 3090 oonli
672 3031 785 3107 nigrum
806 3042 835 3092 et
855 3033 988 3110 angulum
1011 3033 1119 3114 tempori

143 3112 326 3186 propiorem,
350 3129 367 3170 e
389 3113 510 3188 regione
531 3113 643 3172 mediae
665 3115 831 3176 suffusionis
848 3119 908 3193 sio,
927 3136 964 3178 ne
987 3129 1119 3196 quarunt

142 3189 280 3250 laedatur.
303 3193 404 3269 Neque
421 3205 514 3256 tamen
529 3197 624 3255 timide
637 3197 809 3260 demittenda
821 3209 881 3276 est,
897 3203 963 3280 qnia
977 3205 1052 3264 inani
1062 3201 1138 3262 loono

143 3275 293 3351 excipitur.
317 3276 363 3334 Ad
378 3295 461 3352 quem
483 3297 567 3355 quum
588 3290 702 3340 ventum
723 3293 782 3359 est,
804 3302 841 3343 ne
863 3285 1050 3346 mediocriter
1069 3283 1116 3362 qui·

143 3356 206 3418 dem
223 3361 332 3436 peritus
353 3357 413 3418 ialli
438 3371 548 3438 potest;
572 3367 639 3441 quia
657 3369 798 3442 prementi
814 3367 883 3428 nillil
898 3371 1038 3430 renititur.
1072 3365 1117 3429 Uli

142 3459 178 3503 eo
200 3450 313 3502 ventum
337 3449 398 3519 est,
422 3444 583 3506 inclinanda
604 3466 673 3508 aeus
694 3449 729 3510 ad
754 3452 845 3531 ipsam
866 3453 1050 3516 suffusionem
1070 3458 1114 3526 est,
