2384 3896
400 214 470 262 mn.
485 214 518 262 r.
535 213 611 264 cnr.
627 213 735 262 xxvn.
985 205 1059 270 tou·

36 371 214 434 verisimile
229 377 274 430 est
288 370 516 449 spissescentem
531 385 648 466 quoqne
666 369 742 430 intus
756 323 905 434 humorem
924 370 1047 466 hominis
1067 365 1069 370 ’

38 457 82 518 ιιι
102 473 143 518 eo
159 455 280 531 discuti,
299 461 328 513 et
343 454 387 516 sio
403 451 465 512 dari
480 453 639 512 sanitatem.

114 557 147 616 5
174 553 207 614 ln
222 551 393 632 quibusdam
413 552 498 610 etlam
518 549 582 610 aliis
598 549 782 630 serpentibus
806 555 1046 632 certa-quaedam

41 637 161 698 auxilia
177 639 250 696 satis
265 644 334 696 nota
348 644 422 696 sunt.
450 634 521 694 Nam
534 635 652 713 scorpio
668 635 746 694 sihi
738 653 802 715 rpse
823 636 1046 715 pulcherrimum

16 721 293 782 medicamentum
309 725 364 778 est.
391 717 511 794 Quidam
527 719 678 781 contritum
694 737 757 779 cum
773 721 841 779 vino
854 719 968 780 bibunt:
986 723 1045 799 qui·

44 807 116 866 dam
134 805 239 866 eodem
253 803 340 863 modo
357 805 507 863 contritum
522 820 611 880 super
625 803 727 862 vulnus
746 805 909 882 imponunt:
933 805 1045 883 quidam

43 906 143 968 super
159 903 279 968 prunam
295 903 331 946 eo
348 888 484 965 imposito
496 885 600 945 uulnus
612 887 809 964 eullumigant,
824 887 948 985 undique
963 897 1046 948 veste

45 971 245 1048 circumdata,
260 986 297 1030 ne
313 970 338 1030 ts
351 969 446 1030 fumus
458 969 615 1029 dilabatur:
631 978 689 1029 tum
702 970 857 1031 carbonem
877 974 941 1047 ejus
957 989 1047 1050 snper

45 1055 159 1115 vulnus
174 1055 311 1154 deligant.
341 1053 447 1114 Bibere
462 1061 555 1114 antem
571 1062 689 1132 oportet
703 1053 812 1116 herbae
825 1054 945 1132 solaris,
963 1070 1047 1154 quam

7 1153 36 1194 to
47 1127 273 1220 ἡλιοτρόπιον
285 1137 389 1198 Graeci
403 1145 509 1196 vocant
518 1155 656 1215 ,semen,
674 1139 722 1198 uel
738 1147 819 1199 certe
833 1139 903 1200 lolia
918 1157 955 1198 ex
966 1138 1045 1198 vino.

46 1225 151 1304 Super
167 1223 268 1282 vulnus
290 1239 362 1280 vero
386 1222 471 1280 etiam
495 1220 622 1280 lurlures
641 1239 678 1282 ex
695 1231 796 1298 aceto,
818 1223 867 1283 uel
882 1230 945 1283 rute
962 1220 1046 1281 silva·

45 1309 109 1367 tica
131 1315 214 1366 reete
235 1307 404 1384 imponitur,
418 1305 466 1365 vel
482 1321 545 1365 cum
559 1304 647 1365 melle
663 1306 707 1367 sal
722 1313 824 1366 tostus
857 1305 991 1385 Cognovi
1005 1314 1046 1365 ta·

46 1405 119 1450 men
137 1389 283 1465 medicos,
306 1390 354 1467 qui
376 1388 412 1448 ah
435 1389 592 1468 scorpione
613 1389 678 1450 iotis
699 1389 768 1451 nihil
790 1389 882 1467 aliud,
904 1407 987 1470 quam
1010 1403 1047 1448 ex

48 1473 176 1534 brachio
193 1473 360 1550 sanguinem
374 1473 521 1532 miserunt

13 1583 39 1623 ¹⁶
120 1571 150 1632 6.
173 1569 210 1630 Et
225 1569 260 1630 ad
274 1571 438 1648 scorpionis
462 1580 556 1631 autem
578 1579 608 1630 et
628 1571 726 1630 aranei
748 1571 852 1646 ictum,
876 1569 1046 1630 alliumoum

14 1739 20 1748 Ι
51 1663 118 1715 ruta
132 1663 215 1714 recte
234 1654 386 1732 miscetur,
403 1671 440 1714 ex
455 1653 580 1733 oleoque
598 1655 750 1714 contritum
764 1655 1015 1734 superimponitur.

116 1753 147 1811 7.
167 1752 208 1812 At
225 1752 249 1812 si
267 1761 417 1828 cerastes,
437 1760 484 1814 aut
498 1751 611 1831 dipsas,
634 1760 682 1812 aut
697 1751 896 1813 haemorrhois
914 1751 969 1830 (cl.
985 1749 1046 1810 lies

51 1833 178 1914 Etangs,
192 1835 307 1916 prou)
322 1835 476 1915 percussit,
489 1836 571 1914 polii,
585 1834 661 1913 quod
673 1837 827 1914 aegyptiae
841 1835 925 1896 labae
937 1835 1045 1912 magui·
1066 1907 1071 1916 Ι

52 1919 180 1982 tudinem
197 1928 320 1998 aequet,
337 1918 510 1997 arefactum,
532 1920 560 1979 in
576 1919 645 1979 duas
658 1919 792 1998 potiones
806 1919 987 1981 dividendum
1002 1925 1048 1977 est

16 2020 43 2060 ιο
53 2005 117 2080 sic,
135 2013 165 2064 nt
178 2005 205 2064 ei
217 2012 299 2063 rutae
314 2002 430 2084 paulum
442 2002 601 2078 adjiciatur.
626 2001 776 2064 Trifolium
792 2020 909 2083 quoque
927 2011 955 2062 et
969 2019 1046 2061 men·

53 2095 193 2164 taetrum,
211 2095 240 2147 et
255 2105 320 2146 oum
335 2095 419 2146 aucto
431 2104 558 2165 panaces
570 2103 663 2164 aeque
675 2085 836 2164 proficiunt.
859 2085 1054 2164 Costumque,

55 2181 85 2232 et
101 2171 196 2244 casia,
214 2179 243 2230 et
259 2172 466 2232 cinnamomum
482 2177 565 2230 recte
580 2187 634 2248 per
649 2169 796 2248 potionem
814 2179 1004 2230 assumuntur.

119 2267 149 2330 8.
182 2267 333 2330 Adversus
361 2268 493 2344 chelydri
519 2286 590 2330 vero
613 2269 716 2344 ictum,
740 2285 883 2346 panaces,
901 2276 949 2327 aut
969 2266 1047 2326 laser

54 2352 104 2412 vel
125 2352 204 2431 porri
227 2371 332 2414 succus
348 2370 411 2413 cnm
426 2353 539 2413 hemina
554 2352 611 2412 vini
629 2351 782 2412 sumendus
805 2360 867 2427 est,
891 2360 920 2412 et
936 2349 1049 2410 edenda
1128 2351 1130 2358 ’

21 2456 47 2495 ιι
57 2435 145 2497 multa
173 2439 308 2498 satureia.
344 2435 552 2516 Imponendum
578 2444 673 2496 autem
698 2452 786 2514 super
810 2435 913 2496 vulnus
934 2443 1048 2494 stercus

56 2521 204 2598 caprinum
220 2537 259 2580 ex
272 2529 356 2582 aceto
373 2529 519 2590 coactum
535 2529 582 2580 aut
597 2538 634 2580 ex
650 2519 754 2579 eodem
765 2518 929 2580 hordeacea
941 2517 1046 2584 larina;

56 2613 107 2664 aut
120 2613 201 2680 ruta,
217 2604 266 2665 vel
282 2613 389 2684 nepeta
405 2622 468 2666 cum
483 2603 545 2664 sale
558 2605 697 2679 contrita,
713 2603 800 2663 melle
815 2603 940 2680 adjecto.
963 2599 1046 2678 Quod

56 2691 85 2748 in
102 2704 137 2747 eo
153 2704 269 2767 quoque
285 2687 424 2766 vulnere,
441 2687 518 2768 quod
536 2696 666 2752 cerastes
681 2687 766 2765 lecit,
785 2705 878 2766 aeque
895 2686 983 2748 valet.
1044 2703 1047 2710 ’
1088 2699 1095 2708 ·

119 2786 148 2847 9.
173 2786 228 2847 [ιιι
242 2804 314 2846 vero
330 2786 637 2866 phalangiumnoouit,
655 2797 772 2867 praeter
784 2805 848 2848 eam
860 2789 1047 2866 curationem,

23 2895 49 2936 ao
60 2887 133 2950 quae
147 2875 230 2931 mdnn
246 2870 391 2946 redditur,
407 2889 499 2950 saepe
515 2871 602 2934 honre
617 2871 808 2934 demittendus
822 2874 851 2930 in
865 2870 968 2930 solium
986 2878 1047 2943 est,

59 2953 225 3031 dandusque
246 2956 273 3014 ei
294 2954 428 3030 myrrhae
443 2963 473 3014 et
494 2973 568 3015 uvae
584 2957 716 3015 taminiae
733 2973 784 3034 par
798 2953 900 3014 modus
917 2971 955 3012 ex
971 2953 1048 3030 passi

57 3037 184 3106 hemina;
206 3037 256 3098 rel
276 3037 423 3100 radiculae
446 3055 561 3115 semen,
582 3049 630 3098 ant
650 3039 721 3114 polii
743 3037 824 3098 radix
850 3053 888 3096 ex
908 3038 993 3106 vinca
1019 3043 1049 3096 et

59 3139 146 3220 super
166 3120 270 3181 vulnus
290 3123 417 3184 lurlures
440 3139 478 3213 err
497 3132 582 3184 aceto
603 3119 696 3195 οοοιι,
732 3121 1002 3212 imperandumque,
1018 3128 1049 3180 ut

59 3207 83 3264 ie
98 3206 294 3284 conquiescat.

27 3311 51 3354 as
121 3289 167 3350 10.
193 3291 301 3351 lerum
315 3291 388 3352 haec
404 3307 513 3368 genera
531 3291 751 3368 serpentiumet
765 3291 936 3368 peregrina,
953 3299 983 3350 et
999 3288 1047 3348 ali·

60 3382 164 3452 quanto
179 3379 271 3451 magis
288 3375 427 3453 pestilera
443 3382 522 3444 sunt;
545 3375 725 3453 maximeque
742 3375 886 3435 aestuosis
908 3373 983 3434 locis
1005 3373 1047 3449 gi·

61 3465 189 3532 guuutur.
210 3457 292 3520 ltalia
306 3457 531 3538 frigidioresque
544 3460 684 3536 regiones
699 3457 754 3520 hac
769 3473 885 3538 qnoque
904 3466 985 3537 parte
1002 3471 1047 3514 sa·
1090 3485 1093 3494 ν
